id,name,last_price,unit_size,last_update
5841,11 Panecillos,1.14,0.495,2025-11-17 07:38:52
84629,12 Mini croissants de mantequilla,2.15,0.24,2025-11-17 07:38:07
84638,12 Mini saladas surtidas,1.25,0.195,2025-11-17 07:38:14
60354,2 Panes integrales 100% fino,1.4,0.165,2025-11-17 07:38:53
84597,24 Mini saladas surtidas,2.5,0.39,2025-11-17 07:38:14
83203.1,3 Barras de pan,1.19,0.75,2025-11-17 07:38:45
83232.1,3 Barras de pan aceite de oliva,1.51,0.6,2025-11-17 07:38:46
83232.2,3 Barras de pan aceite de oliva rebanadas,1.51,0.6,2025-11-17 07:38:55
83203.2,3 Barras de pan rebanadas,1.19,0.75,2025-11-17 07:38:55
9664,3 Bocadillos,1.04,0.39,2025-11-17 07:38:54
12985,3 Susos relleno de crema,1.65,0.153,2025-11-17 07:38:11
69737,3 Vegetales para microondas lavados,1.85,0.3,2025-11-17 07:33:35
6459,4 Panes chapata de cristal,1.3,0.284,2025-11-17 07:38:50
5850,4 Panes de cristal redondos cortados 100 % natural,1.84,0.24,2025-11-17 07:38:54
83452,5 Barras de pan 51% integral,1.36,0.625,2025-11-17 07:38:50
84688,6 Croissant rellenos de cacao,1.75,0.28,2025-11-17 07:38:08
84676,6 Mini empanadillas de pisto,1.75,0.2,2025-11-17 07:38:14
22388,6 Panecillos integrales 100%,0.99,0.27,2025-11-17 07:38:53
83056,6 Panes de centeno 51%,1.47,0.465,2025-11-17 07:38:52
14431,6 Panes de leche 3%,1.51,0.48,2025-11-17 07:38:51
83292,6 Panes pulguitas sin aditivos,1.04,0.24,2025-11-17 07:38:51
43861,70% Alcohol de Limpieza Perfumado Bosque Verde,2.3,1.0,2025-11-17 07:35:20
43112,70% Alcohol limpieza hogar Bosque Verde,2.6,0.75,2025-11-17 07:35:21
84937,8 Croissants surtidos rellenos de crema de cacao y crema con leche sabor a chocolate blanco,2.55,0.3,2025-11-17 07:38:12
84684,8 Magdalenas con azúcar,2.6,0.38,2025-11-17 07:38:09
84900,8 Magdalenas con pepitas de chocolate,3.1,0.38,2025-11-17 07:38:09
12586,99% cacao negro Hacendado,2.7,0.1,2025-11-17 07:22:16
42314,Abrillantador lavavajillas líquido Bosque Verde,1.2,0.75,2025-11-17 07:35:24
86652,Abrillantador lavavajillas líquido Finish,3.95,0.4,2025-11-17 07:35:26
13994,Abrillantador suelos Bosque Verde,2.5,1.0,2025-11-17 07:35:06
72878,Absorbeolores en gel para frigorífico Bosque Verde,1.8,1.0,2025-11-17 07:34:55
16831,Absorbeolores Ropa Limpia Bosque Verde,0.8,1.0,2025-11-17 07:34:55
79217,Aceite corporal aloe vera Deliplus,1.65,0.4,2025-11-17 07:30:20
46815,Aceite corporal de almendras Deliplus 100% natural,3.4,0.2,2025-11-17 07:30:21
46816,Aceite corporal de romero Deliplus 100% natural,3.2,0.2,2025-11-17 07:30:21
46831,Aceite corporal rosa mosqueta Deliplus,4.8,0.03,2025-11-17 07:30:22
4193,Aceite de coco virgen Hacendado,5.45,0.45,2025-11-17 07:19:12
4041,"Aceite de girasol refinado 0,2º Hacendado",8.45,5.0,2025-11-17 07:19:11
4040,"Aceite de girasol refinado 0,2º Hacendado",1.75,1.0,2025-11-17 07:19:12
4241,"Aceite de oliva 0,4º Hacendado",18.75,5.0,2025-11-17 07:19:06
4240,"Aceite de oliva 0,4º Hacendado",3.85,1.0,2025-11-17 07:19:06
4641,Aceite de oliva 1º Hacendado,19.45,5.0,2025-11-17 07:19:08
4640,Aceite de oliva 1º Hacendado,4.0,1.0,2025-11-17 07:19:08
4717,Aceite de oliva virgen extra Hacendado,13.7,3.0,2025-11-17 07:19:07
4740,Aceite de oliva virgen extra Hacendado,4.65,1.0,2025-11-17 07:19:07
4718,Aceite de oliva virgen extra Hacendado,2.8,0.2,2025-11-17 07:19:09
4706,Aceite de oliva virgen extra Hacendado Gran Selección,5.95,0.75,2025-11-17 07:19:07
4850,Aceite de oliva virgen extra Picual Casa Juncal,4.95,0.5,2025-11-17 07:19:09
4711,Aceite de oliva virgen Hacendado,11.75,3.0,2025-11-17 07:19:08
4749,Aceite de oliva virgen Hacendado,4.1,1.0,2025-11-17 07:19:09
52590,Aceite de Ricino Deliplus,3.45,0.03,2025-11-17 07:32:40
46844,Aceite en crema corporal oriental Deliplus,3.0,0.25,2025-11-17 07:30:21
8822,Aceite facial doble limpieza Facial Clean desmaquillante y limpiador,3.75,0.15,2025-11-17 07:30:40
19874,Aceite labial Lip Oil glow infusion Deliplus 01 nude,4.5,0.004,2025-11-17 07:36:31
19873,Aceite labial Lip Oil glow infusion Deliplus 02 cherry,4.5,0.004,2025-11-17 07:36:32
23017,Aceite árbol del té 100% puro Deliplus con pipeta dosificadora,3.0,0.01,2025-11-17 07:32:34
21756,Aceitunas negras de Aragón Campo Nature,2.5,0.2,2025-11-17 07:20:51
8309,Aceitunas negras en rodajas Hacendado,2.0,0.148,2025-11-17 07:20:52
52734,Aceitunas negras sin hueso Hacendado,1.05,0.35,2025-11-17 07:20:51
52733,Aceitunas negras sin hueso Hacendado,3.0,0.35,2025-11-17 07:20:51
33168,Aceitunas verdes Chupadedos Huerta de Barros partidas aliñadas,3.4,0.98,2025-11-17 07:20:47
33205,Aceitunas verdes con hueso Hacendado,1.5,0.43,2025-11-17 07:20:50
33120,Aceitunas verdes con hueso Hacendado sabor anchoa,2.95,0.935,2025-11-17 07:20:49
13422,Aceitunas verdes estilo casero Hacendado partidas aliñadas,2.95,0.935,2025-11-17 07:20:48
80177,Aceitunas verdes Gazpacha Hacendado partidas,2.5,0.835,2025-11-17 07:20:48
86100,Aceitunas verdes partidas Olives Garcia,3.9,0.815,2025-11-17 07:20:50
52622,Aceitunas verdes Picadedos sin hueso Hacendado aliñadas,3.5,0.71,2025-11-17 07:20:50
22910,Aceitunas verdes rellenas de anchoa Hacendado,3.15,1.05,2025-11-17 07:20:46
23217,Aceitunas verdes rellenas de anchoa Hacendado,1.75,0.36,2025-11-17 07:20:46
22911,Aceitunas verdes rellenas de anchoa Hacendado,1.05,0.35,2025-11-17 07:20:47
12764,Aceitunas verdes rellenas de anchoa Hacendado,3.25,0.83,2025-11-17 07:20:48
33078,Aceitunas verdes rellenas de anchoa Hacendado reducidas en sal,1.95,0.36,2025-11-17 07:20:47
33178,Aceitunas verdes rellenas de jalapeño Hacendado,1.75,0.35,2025-11-17 07:20:49
11946,Aceitunas verdes rellenas de pepinillo Hacendado,2.85,0.315,2025-11-17 07:20:50
23708,Aceitunas verdes rellenas de pimiento asado Hacendado,1.75,0.35,2025-11-17 07:20:49
33121,Aceitunas verdes sin hueso aliñadas Hacendado,1.9,0.42,2025-11-17 07:20:49
33053,Aceitunas verdes sin hueso Hacendado,2.8,0.835,2025-11-17 07:20:47
33114,Aceitunas verdes sin hueso Hacendado,1.7,0.525,2025-11-17 07:20:48
69725,Acelgas cortadas y lavadas,1.35,0.3,2025-11-17 07:33:29
16314,Acelgas troceadas Hacendado,1.75,0.66,2025-11-17 07:28:58
52933,Acondicionador instantáneo Hydra hyaluronic Deliplus cabello de normal a seco,2.0,0.25,2025-11-17 07:29:21
9970,Acondicionador instantáneo Kids Deliplus,1.7,0.25,2025-11-17 07:29:20
44326,Acondicionador instantáneo Repair & Nutrition Deliplus cabello seco y dañado,3.0,0.4,2025-11-17 07:29:20
7943,Acondicionador Liso Keratina TRESemmé cabello encrespado o dañado,2.95,0.35,2025-11-17 07:29:21
75532,Acondicionador Protector Color Vive Elvive cabello teñido o con mechas,3.4,0.25,2025-11-17 07:29:21
44363,Acondicionador Repair & Nutrition Deliplus cabello seco y dañado,1.4,0.3,2025-11-17 07:29:20
35615,Acondicionador Repara & Protege Pantene,3.55,0.25,2025-11-17 07:29:21
35420,Acondicionador Suavidad y Brillo Deliplus todo tipo de cabello,1.75,1.0,2025-11-17 07:29:20
40315,Activador Blanqueante ropa blanca Oxi Active Bosque Verde en polvo,3.1,1.0,2025-11-17 07:34:26
40230,Activador Blanqueante ropa blanca Oxi Active Bosque Verde líquido,1.75,2.0,2025-11-17 07:34:27
40317,Activador Quitamanchas ropa de color Oxi Active Bosque Verde en polvo,3.1,1.0,2025-11-17 07:34:26
40233,Activador Quitamanchas ropa de color Oxi Active Bosque Verde líquido,1.75,2.0,2025-11-17 07:34:27
28198,Agua de coco Hacendado 100% natural,2.6,1.0,2025-11-17 07:20:44
35516,Agua de colonia bebé Nenuco,2.85,0.5,2025-11-17 07:23:04
14391,Agua de colonia Deliplus Citrus Classic,2.75,0.75,2025-11-17 07:32:15
14390,Agua de colonia Deliplus Floral Infusion,2.75,0.75,2025-11-17 07:32:15
8949,Agua de colonia fresca infantil Deliplus con notas cítricas,1.9,0.6,2025-11-17 07:23:04
90794,Agua de colonia para perros y gatos Krislin,4.0,0.25,2025-11-17 07:38:02
46204,Agua de colonia S3 Classic fresh,3.5,0.75,2025-11-17 07:32:04
11677,Agua de colonia S3 Mediterránea,3.5,0.75,2025-11-17 07:32:13
44313,Agua de peinado cabello Aqua Styling Deliplus,2.1,0.2,2025-11-17 07:30:07
27203,Agua de soda con sifón La Casa,1.6,1.5,2025-11-17 07:19:59
90505,Agua destilada Bosque Verde,0.9,2.0,2025-11-17 07:34:30
76465,Agua facial de avena Deliplus,2.9,0.3,2025-11-17 07:30:39
46954,Agua micelar cara y ojos Facial Clean,3.0,0.4,2025-11-17 07:30:36
27366,Agua mineral con gas grande Cortes,2.58,9.0,2025-11-17 07:19:57
27367,Agua mineral con gas grande Cortes,0.43,1.5,2025-11-17 07:19:57
27598,Agua mineral con gas grande Fonter,6.84,6.0,2025-11-17 07:19:59
27597,Agua mineral con gas grande Fonter,1.14,1.0,2025-11-17 07:19:59
27894,Agua mineral con gas grande San Pellegrino,8.34,6.0,2025-11-17 07:19:58
27893,Agua mineral con gas grande San Pellegrino,1.39,1.0,2025-11-17 07:19:59
27213,Agua mineral con gas grande Vichy Catalan,1.49,1.0,2025-11-17 07:19:57
27368,Agua mineral con gas pequeña Cortes,1.74,3.0,2025-11-17 07:19:58
27369,Agua mineral con gas pequeña Cortes,0.29,0.5,2025-11-17 07:19:58
28185,Agua mineral con gas pequeña Vichy Catalan,5.89,1.8,2025-11-17 07:19:57
27314,Agua mineral grande Bezoya,4.44,9.0,2025-11-17 07:19:53
27230,Agua mineral grande Bezoya,0.74,1.5,2025-11-17 07:19:54
28035,Agua mineral grande Bronchales,1.28,6.0,2025-11-17 07:19:48
23448,Agua mineral grande Bronchales,2.34,9.0,2025-11-17 07:19:48
23449,Agua mineral grande Bronchales,0.39,1.5,2025-11-17 07:19:48
28060,Agua mineral grande Cortes,0.92,8.0,2025-11-17 07:19:50
27088,Agua mineral grande Cortes,0.79,6.0,2025-11-17 07:19:51
28269,Agua mineral grande Cortes,1.5,9.0,2025-11-17 07:19:51
28270,Agua mineral grande Cortes,0.25,1.5,2025-11-17 07:19:51
27350,Agua mineral grande Font Vella,4.32,9.0,2025-11-17 07:19:54
27204,Agua mineral grande Font Vella,0.75,1.5,2025-11-17 07:19:55
27291,Agua mineral grande Lanjarón,4.2,9.0,2025-11-17 07:19:56
27216,Agua mineral grande Lanjarón,0.73,1.5,2025-11-17 07:19:56
27099,Agua mineral grande Nestlé Aquarel,3.72,9.0,2025-11-17 07:19:54
27232,Agua mineral grande Nestlé Aquarel,0.62,1.5,2025-11-17 07:19:54
27327,Agua mineral grande Solán de Cabras,5.34,9.0,2025-11-17 07:19:55
27356,Agua mineral grande Solán de Cabras,0.89,1.5,2025-11-17 07:19:55
28491,Agua mineral mediana Bronchales,3.0,6.0,2025-11-17 07:19:49
28499,Agua mineral mediana Bronchales,0.5,1.0,2025-11-17 07:19:49
28163,Agua mineral mediana Cortes,2.4,6.0,2025-11-17 07:19:52
28164,Agua mineral mediana Cortes,0.4,1.0,2025-11-17 07:19:52
27061,Agua mineral pequeña Bronchales,1.74,3.0,2025-11-17 07:19:49
27054,Agua mineral pequeña Bronchales,0.29,0.5,2025-11-17 07:19:50
28566,Agua mineral pequeña Bronchales tapón infantil,2.4,1.98,2025-11-17 07:19:50
28567,Agua mineral pequeña Bronchales tapón infantil,0.4,0.33,2025-11-17 07:19:50
27076,Agua mineral pequeña Cortes,1.44,3.0,2025-11-17 07:19:52
27078,Agua mineral pequeña Cortes,0.24,0.5,2025-11-17 07:19:52
28288,Agua mineral pequeña Cortes tapón infantil,1.56,1.98,2025-11-17 07:19:53
28296,Agua mineral pequeña Cortes tapón infantil,0.26,0.33,2025-11-17 07:19:53
77241,Agua oxigenada Deliplus desinfectante antiséptico,0.65,0.25,2025-11-17 07:32:41
44413,Agua para plancha Bosque Verde perfume ropa limpia,1.5,1.0,2025-11-17 07:34:30
46559,Agua perfumada bebé con notas florales Deliplus,3.2,0.1,2025-11-17 07:23:04
3830,Aguacate,1.18,0.21,2025-11-17 07:32:58
3858,Aguacates,3.87,0.73,2025-11-17 07:32:58
86656,Ajo granulado Hacendado,1.2,0.115,2025-11-17 07:19:23
69695,Ajo negro dientes pelados,5.0,0.085,2025-11-17 07:33:15
61288,Ajo tierno Hacendado ultracongelado,2.05,0.3,2025-11-17 07:28:26
61251,Ajo troceado Hacendado ultracongelado,1.04,0.15,2025-11-17 07:28:32
60873,Ajo y Perejil Hacendado,1.35,0.074,2025-11-17 07:19:19
33022,Ajos aliñados Hacendado,2.6,0.345,2025-11-17 07:20:55
69297,Ajos morados,1.85,0.25,2025-11-17 07:33:14
2784,Alas de pollo,4.05,0.91,2025-11-17 07:24:56
2832,Alas de pollo adobadas,3.53,0.63,2025-11-17 07:25:35
8970,Alas de pollo adobadas picantes,3.33,0.52,2025-11-17 07:25:00
52426,Alas de pollo barbacoa congeladas,3.7,0.75,2025-11-17 07:27:39
25184,Alas de pollo congeladas,3.6,1.0,2025-11-17 07:27:36
2785,Alas partidas de pollo,3.12,0.6,2025-11-17 07:24:54
3791,Alas partidas de pollo certificado alimentado con un 50% de maíz,4.29,0.64,2025-11-17 07:24:58
69287,Albahaca,1.55,0.02,2025-11-17 07:33:27
34128,Albahaca Hacendado,1.25,0.02,2025-11-17 07:19:18
63435,Albóndigas de bacalao Camós congeladas,2.1,0.4,2025-11-17 07:37:12
2871,Albóndigas de cerdo,4.55,0.84,2025-11-17 07:25:27
23632,Albóndigas de pollo,6.0,0.84,2025-11-17 07:25:27
23139,Albóndigas de pollo Hacendado,1.8,0.42,2025-11-17 07:40:03
23138,Albóndigas en salsa Hacendado,1.8,0.42,2025-11-17 07:40:01
4797,Albóndigas guisadas Hacendado,2.75,0.275,2025-11-17 07:39:55
69623,Alcachofa,0.82,0.17,2025-11-17 07:33:30
61205,Alcachofa baby Hacendado ultracongelada,3.05,0.3,2025-11-17 07:28:32
13865,Alcachofa troceada Hacendado ultracongelada,2.65,0.4,2025-11-17 07:28:27
33190,Alcaparras Hacendado,1.35,0.135,2025-11-17 07:20:53
77248,Alcohol 96º Deliplus antiséptico,0.75,0.25,2025-11-17 07:32:41
77322,Alcohol de romero Deliplus,2.0,0.25,2025-11-17 07:32:44
85716,Alfajor de almendra La Muralla,0.17,0.028,2025-11-17 07:38:31
12051,Algodón hidrófilo 100% zig-zag hipoalergénico Deliplus,1.2,0.1,2025-11-17 07:32:43
43705,Algodón mágico Aladdin,3.8,0.075,2025-11-17 07:35:21
90309,Alguicida sin espuma líquido Bosque Verde para piscina,12.5,5.0,2025-11-17 07:35:00
13559,Alicate uñas Deliplus,4.9,1.0,2025-11-17 07:32:03
38007,Alimento completo conejos enanos Granzoo,1.7,0.8,2025-11-17 07:38:06
38130,Alimento completo para canarios y jilgueros Granzoo,1.88,1.0,2025-11-17 07:38:05
38220,Alimento completo para loros y cotorras Granzoo,3.3,0.7,2025-11-17 07:38:05
13646,Alimento completo para ninfa y agaporni Granzoo,1.85,0.8,2025-11-17 07:38:06
38131,Alimento completo para periquitos Granzoo,1.9,1.0,2025-11-17 07:38:04
52765,"Alimento completo para roedores Granzoo hámster, cobaya y chinchilla",1.9,0.7,2025-11-17 07:38:06
62704,Alistado mediano Hacendado ultracongelado,22.5,0.5,2025-11-17 07:36:59
24708,Alistado pequeño congelado,2227.5,,2025-11-17 07:36:59
24707,Alistado pequeño Hacendado congelado,24.94,1.16,2025-11-17 07:36:59
13705,Alitas de pollo asadas Hacendado,4.4,0.5,2025-11-17 07:39:55
17265,Aliño de aceite con perejil y ajo Hacendado,1.75,0.15,2025-11-17 07:19:45
17150,Allioli Chovi,1.45,0.18,2025-11-17 07:19:35
17173,Allioli en sobres individuales Hacendado,1.5,0.16,2025-11-17 07:19:36
17172,Allioli Hacendado,1.1,0.2,2025-11-17 07:19:35
60874,Almeja Hacendado congelada,1.7,0.45,2025-11-17 07:37:05
81418,Almeja japonesa,10.35,0.5,2025-11-17 07:37:04
18579,Almejas blancas del norte al natural Hacendado,1.65,0.185,2025-11-17 07:28:48
18552,Almejones al natural Hacendado,1.35,0.111,2025-11-17 07:28:47
34009,Almendra frita y salada Hacendado pelada,3.15,0.2,2025-11-17 07:21:01
80492,Almendra marcona Hacendado frita con sal,2.95,0.125,2025-11-17 07:21:05
34921,Almendra molida Hacendado,2.15,0.125,2025-11-17 07:39:28
34865,Almendra natural Hacendado,2.5,0.2,2025-11-17 07:20:57
23575,Almendra natural Hacendado sin piel,3.05,0.2,2025-11-17 07:21:06
52928,Almendra palitos Hacendado,1.85,0.1,2025-11-17 07:39:30
34014,Almendra tostada Hacendado 0% sal añadida con piel,2.95,0.2,2025-11-17 07:21:02
11960,Almendra tostada y salada Hacendado con piel,2.4,0.2,2025-11-17 07:21:00
36421,Almendras rellenas de turrón Hacendado,2.9,0.15,2025-11-17 07:38:33
33136,Altramuces Hacendado,1.75,0.69,2025-11-17 07:20:53
5124,Alubia blanca Hacendado,2.45,1.0,2025-11-17 07:21:37
26019,Alubia cocida blanca Hacendado,0.8,0.57,2025-11-17 07:21:35
26028,Alubia cocida blanca Hacendado,0.7,0.295,2025-11-17 07:21:36
26002,Alubia cocida granja Hacendado,1.75,0.57,2025-11-17 07:21:37
26001,Alubia cocida pinta Hacendado,1.25,0.57,2025-11-17 07:21:36
26000,Alubia cocida roja Hacendado,1.25,0.57,2025-11-17 07:21:36
67608,Alubia negra Hacendado,2.5,1.0,2025-11-17 07:21:37
23453,Alubia pinta Hacendado,2.4,1.0,2025-11-17 07:21:38
67609,Alubia roja Hacendado,3.2,1.0,2025-11-17 07:21:37
26114,Alubias a la jardinera Hacendado,1.2,0.42,2025-11-17 07:40:01
26138,Alubias con tomate Heinz,1.3,0.415,2025-11-17 07:40:03
79425,Ambientador coche Bali Bosque Verde,1.85,1.0,2025-11-17 07:34:49
79447,Ambientador coche Exótico Bosque Verde,1.85,1.0,2025-11-17 07:34:50
79446,Ambientador coche Frutos Silvestres Bosque Verde,1.85,1.0,2025-11-17 07:34:49
79448,Ambientador coche Marine Bosque Verde,1.85,1.0,2025-11-17 07:34:50
43058,Ambientador lavavajillas Limón Bosque Verde,1.5,1.0,2025-11-17 07:35:25
72873,Ambientador líquido concentrado Foresan deluxe,1.7,0.125,2025-11-17 07:34:52
72734,Ambientador perlas Lima Bosque Verde,1.45,1.0,2025-11-17 07:34:51
72733,Ambientador perlas Tiernos Recuerdos Bosque Verde,1.45,1.0,2025-11-17 07:34:51
8876,Ambientador Spa armarios y cajones Bosque Verde,1.75,1.0,2025-11-17 07:34:52
60629,Ambientador spray Colonia Bosque Verde,1.15,0.3,2025-11-17 07:34:44
40159,Ambientador spray de tejidos Elixir Floral Bosque Verde,2.15,0.4,2025-11-17 07:34:43
14256,Ambientador spray Essence Bosque Verde,1.15,0.3,2025-11-17 07:34:44
60707,Ambientador spray Fresh Bosque Verde,1.15,0.3,2025-11-17 07:34:42
13040,Ambientador spray Red Elixir Bosque Verde,1.15,0.3,2025-11-17 07:34:44
72537,Ambientador spray Ropa Limpia Bosque Verde,1.15,0.3,2025-11-17 07:34:42
67997,Ambientador spray Sweet Blossom Bosque Verde,1.15,0.3,2025-11-17 07:34:43
13295,Ambientador Talco armarios y cajones Bosque Verde,1.75,1.0,2025-11-17 07:34:53
13788,Ambientador varitas Bambú Bosque Verde,2.1,0.04,2025-11-17 07:34:50
13789,Ambientador varitas Frambuesa Bosque Verde,2.1,0.04,2025-11-17 07:34:50
13780,Ambientador varitas Fruta Tropical Bosque Verde,2.1,0.04,2025-11-17 07:34:51
13055,Ambientador varitas Magnolia Bosque Verde,2.1,0.04,2025-11-17 07:34:51
13056,Ambientador varitas Pistacho Bosque Verde,2.1,0.04,2025-11-17 07:34:53
43802,Amoníaco con detergente Bosque Verde,0.95,1.5,2025-11-17 07:34:58
43813,Amoníaco muy fuerte Bosque Verde con detergente,1.25,0.75,2025-11-17 07:34:59
43818,Amoníaco perfumado Bosque Verde,0.75,1.5,2025-11-17 07:34:58
46885,Ampollas faciales spray flash Tensor Effect Deliplus Sisbela Reafirm,2.5,0.004,2025-11-17 07:30:49
50321,Ampollas faciales Ácido Hialurónico Hidrata Deliplus concentrado,3.5,0.014,2025-11-17 07:30:49
35614,Ampollas tratamiento intensivo Repara & Protege Pantene cabello dañado,3.9,0.045,2025-11-17 07:29:26
34027,Anacardo frito salado Hacendado,2.8,0.2,2025-11-17 07:21:00
23365,Anacardo natural Hacendado,2.8,0.2,2025-11-17 07:20:59
87254,Anguila troceada,9.74,0.33,2025-11-17 07:37:36
63163,Anillas de pota a la romana Hacendado ultracongeladas,5.25,0.5,2025-11-17 07:37:15
24249,Anillas de pota Argentina Hacendado congeladas,5.75,,2025-11-17 07:37:18
34123,Anís en grano Hacendado,2.0,0.05,2025-11-17 07:19:28
28397,Anís seco Cassalla Cerveró,11.75,1.0,2025-11-17 07:23:47
28334,Anís seco Limiñana,10.2,1.0,2025-11-17 07:23:48
28311,Anís seco Tenis,12.3,1.0,2025-11-17 07:23:47
28356,Aperitivo Aperol,13.65,0.7,2025-11-17 07:23:37
28494,Aperitivo de café Cerol,6.25,1.0,2025-11-17 07:23:38
8953,Aperitivo de patata con sabor a nata agria y cebolla,1.85,0.175,2025-11-17 07:21:19
33556,Aperitivo de patata sabor crema agria y cebolla Pringles,2.6,0.165,2025-11-17 07:21:18
33555,Aperitivo de patata sabor original Pringles,2.6,0.165,2025-11-17 07:21:18
69245,Apio cortado lavado,1.16,0.21,2025-11-17 07:33:31
69275,Apio verde,1.32,0.66,2025-11-17 07:33:31
35735,Apósitos hidrocoloides adhesivos para ampollas y rozaduras Deliplus surtidos,4.3,1.0,2025-11-17 07:32:45
7894,Apósitos infantiles Tattoo Deliplus,1.6,1.0,2025-11-17 07:32:48
40583,Arcos dentales para higiene interdental Deliplus,1.8,1.0,2025-11-17 07:31:35
13658,Arena para gato aglomerante Nuske perfumada,3.75,5.0,2025-11-17 07:37:49
90080,Arena para gato antibacterias Nuske,1.5,5.0,2025-11-17 07:37:49
90947,Arena para gato de perlas sílice Single,3.55,4.0,2025-11-17 07:37:49
63238,Aritos de surimi a la romana Hacendado ultracongelados,3.3,0.6,2025-11-17 07:37:13
23173,Aritos perro adulto y sénior Compy,8.3,4.0,2025-11-17 07:37:57
19816,Aroma agua de azahar Hacendado,2.0,0.15,2025-11-17 07:38:42
32524,Aroma de vainilla Hacendado,2.0,0.15,2025-11-17 07:38:41
15757,Aros de maíz Hacendado,0.85,0.12,2025-11-17 07:21:25
87786,Arreglo de marisco pelado,9.18,0.45,2025-11-17 07:36:58
3556,Arreglo para arroz al horno,6.0,0.76,2025-11-17 07:24:44
88180,Arreglo para paella con pollo y conejo,6.86,0.94,2025-11-17 07:24:46
3497,"Arreglo para puchero vacuno, cerdo y pollo",7.22,1.11,2025-11-17 07:24:44
5002,Arroz basmati aromático Hacendado,2.2,1.0,2025-11-17 07:21:31
5025,Arroz bomba Hacendado,5.1,1.0,2025-11-17 07:21:30
19866,Arroz campestre con pollo Hacendado ultracongelado,2.0,0.35,2025-11-17 07:27:33
22280,Arroz cocido basmati Sabroz,1.15,0.25,2025-11-17 07:39:52
22281,Arroz cocido integral Sabroz,1.1,0.25,2025-11-17 07:39:52
22279,Arroz cocido redondo Sabroz,1.1,0.25,2025-11-17 07:39:53
68354,Arroz con leche Hacendado,1.35,0.52,2025-11-17 07:40:22
12756,Arroz con verduras para microondas Hacendado ultracongelado,2.0,0.8,2025-11-17 07:27:33
22767,Arroz de secreto ibérico con setas Hacendado,3.0,0.28,2025-11-17 07:39:53
60621,Arroz de verduras Hacendado,3.5,0.28,2025-11-17 07:39:53
5184,Arroz integral largo Hacendado,1.65,1.0,2025-11-17 07:21:32
5063,Arroz largo Hacendado,1.35,1.0,2025-11-17 07:21:29
12972,Arroz largo Sabroz,1.1,0.25,2025-11-17 07:21:33
12782,Arroz marinera Hacendado ultracongelado,2.2,0.35,2025-11-17 07:27:33
35541,Arroz negro Hacendado ultracongelado,3.0,0.6,2025-11-17 07:27:33
61302,Arroz para microondas Hacendado ultracongelado,2.0,1.0,2025-11-17 07:27:32
5044,Arroz redondo Hacendado,1.3,1.0,2025-11-17 07:21:29
5042,Arroz redondo J Sendra Hacendado,1.6,1.0,2025-11-17 07:21:31
5000,Arroz redondo La Fallera,1.69,1.0,2025-11-17 07:21:29
52637,Arroz redondo Sabor,2.45,1.0,2025-11-17 07:21:33
86905,Arroz tres delicias Hacendado ultracongelado,2.85,1.0,2025-11-17 07:27:32
5020,Arroz vaporizado Hacendado,1.65,1.0,2025-11-17 07:21:32
5501,Arándanos,3.35,0.225,2025-11-17 07:33:01
5507,Arándanos,6.5,0.5,2025-11-17 07:33:01
34605,Arándanos deshidratados Hacendado,2.3,0.2,2025-11-17 07:21:14
61093,Arándanos enteros Hacendado ultracongelados,2.15,0.3,2025-11-17 07:28:23
18018,Atún claro al natural Hacendado,4.2,0.48,2025-11-17 07:28:39
18055,Atún claro en aceite de girasol Hacendado,4.3,0.48,2025-11-17 07:28:38
18092,Atún claro en aceite de girasol Hacendado,2.7,0.24,2025-11-17 07:28:38
18002,Atún claro en aceite de oliva Hacendado,4.9,0.48,2025-11-17 07:28:39
18071,Atún claro en aceite de oliva Hacendado,1.55,0.111,2025-11-17 07:28:39
18054,Atún claro en aceite de oliva Hacendado,3.7,0.195,2025-11-17 07:28:40
18031,Atún claro en escabeche blanco Hacendado,4.7,0.48,2025-11-17 07:28:40
18086,Atún en aceite de girasol Hacendado,6.5,0.9,2025-11-17 07:28:38
18030,Atún en aceite de oliva Hacendado,7.7,0.9,2025-11-17 07:28:38
18037,Atún en salsa de tomate Hacendado,2.1,0.24,2025-11-17 07:28:41
34164,Avellana natural Hacendado,3.25,0.2,2025-11-17 07:21:06
34025,Avellana tostada Hacendado 0% sal añadida,5.65,0.2,2025-11-17 07:21:00
16807,Avena molida Hacendado,1.15,0.5,2025-11-17 07:25:44
8370,Azafrán hebra Hacendado,1.85,0.0004,2025-11-17 07:19:21
34116,Azafrán molido Hacendado,1.8,0.0004,2025-11-17 07:19:21
19837,Azúcar blanco en sobres Hacendado,1.55,0.35,2025-11-17 07:21:59
19897,Azúcar blanco Hacendado,1.0,1.0,2025-11-17 07:21:59
35649,Azúcar glas Hacendado,2.6,0.5,2025-11-17 07:22:00
22349,Azúcar moreno de caña Hacendado,1.9,1.0,2025-11-17 07:21:59
19832,Azúcar moreno en sobres Hacendado,1.75,0.35,2025-11-17 07:22:00
32525,Azúcar vainillado Hacendado,1.3,0.12,2025-11-17 07:39:29
81204.1,Bacalao a rodajas,23.35,2.03,2025-11-17 07:37:27
81204.2,Bacalao abierto en libro sin cabeza y sin espina,23.35,2.03,2025-11-17 07:37:28
13787,Bacalao ahumado Hacendado en aceite de girasol,3.45,0.11,2025-11-17 07:37:41
87211,Bacalao al punto de sal descongelado,9.0,0.45,2025-11-17 07:37:29
81204.3,Bacalao media pieza a rodajas,13.57,1.18,2025-11-17 07:37:28
81204.4,Bacalao media pieza abierto en libro sin cabeza y sin espina,13.57,1.18,2025-11-17 07:37:28
59163,Bacón ahumado La Selva lonchas,2.3,0.21,2025-11-17 07:26:19
59160,Bacón ahumado sin corteza La Selva,3.0,0.3,2025-11-17 07:26:20
59066,Bacón Hacendado cintas,2.3,0.25,2025-11-17 07:26:19
53500,Bacón Oscar Mayer lonchas,2.4,0.15,2025-11-17 07:26:19
5827,Baguette,0.57,0.25,2025-11-17 07:38:46
82753,Baguette sin gluten,1.95,0.175,2025-11-17 07:38:47
3824,Banana,0.29,0.19,2025-11-17 07:32:50
79673,Bandas adhesivas fijación fuerte color beige Deliplus para cortar,1.5,1.0,2025-11-17 07:32:42
74081,Bandas de cera especial piernas Deliplus piel sensible,1.4,1.0,2025-11-17 07:30:52
74079,Bandas de cera facial Deliplus piel sensible,1.1,1.0,2025-11-17 07:30:52
49632,Bandeja de cartón rectangular Bosque Verde,2.35,4.0,2025-11-17 07:35:37
22154,Banderillas dulces Hacendado,1.7,0.345,2025-11-17 07:20:52
60320,"Banderillas Gildas Hacendado pinchos de aceituna, anchoa y guindilla",2.3,0.125,2025-11-17 07:20:53
33235,Banderillas picantes Hacendado,1.7,0.345,2025-11-17 07:20:52
14241,Barquillos con crema de avellanas Hacendado,1.6,0.25,2025-11-17 07:26:03
14239,Barquillos rellenos con crema de cacao Hacendado,1.0,0.175,2025-11-17 07:26:00
36204,Barquillos rellenos de chocolate Hacendado,2.25,0.2,2025-11-17 07:26:01
36203,Barquillos rellenos de crema turrón Hacendado,2.25,0.2,2025-11-17 07:26:02
14136,Barquillos rellenos de nata Hacendado 0% azúcares añadidos,1.1,0.21,2025-11-17 07:26:01
14576,Barquillos rellenos sabor nata Hacendado,1.0,0.21,2025-11-17 07:26:00
64214,"Barra de helado sabor vainilla, chocolate y nata Hacendado",1.9,1.0,2025-11-17 07:27:49
83202.1,Barra de pan,0.5,0.25,2025-11-17 07:38:46
82830.1,Barra de pan campesina masa madre,0.65,0.25,2025-11-17 07:38:47
82830.2,Barra de pan campesina masa madre rebanada,0.65,0.25,2025-11-17 07:38:56
86610.1,Barra de pan espiga,1.04,0.4,2025-11-17 07:38:49
86610.2,Barra de pan espiga rebanado,1.04,0.4,2025-11-17 07:38:57
83202.2,Barra de pan rebanada,0.5,0.25,2025-11-17 07:38:55
83560,Barra de pan tradicional,1.28,0.7,2025-11-17 07:39:00
83231.1,Barra pan de aceite de oliva,0.57,0.2,2025-11-17 07:38:46
83231.2,Barra pan de aceite de oliva rebanada,0.57,0.2,2025-11-17 07:38:55
9660.1,Barra pan de agua,0.95,0.24,2025-11-17 07:38:47
9660.2,Barra pan de agua rebanada,0.95,0.24,2025-11-17 07:38:56
23086.1,Barra pan de pueblo,1.58,0.8,2025-11-17 07:38:48
23086.2,Barra pan de pueblo rebanada,1.58,0.8,2025-11-17 07:38:56
86464,"Barreño ovalado 8,7L Bosque Verde",2.2,1.0,2025-11-17 07:35:52
19867,Barrita con proteínas Enervit Sport sabor chocolate con leche,4.75,0.18,2025-11-17 07:25:49
9445,Barritas con proteínas Enervit Sport sabor coco y chocolate,3.5,0.12,2025-11-17 07:32:35
14550,Barritas crujientes Caocream Hacendado rellenas de galleta de cacao,1.7,0.1115,2025-11-17 07:22:28
14510,Barritas crujientes Hacendado recubiertas de chocolate con leche,1.8,0.1125,2025-11-17 07:22:27
14713,Barritas de avena Crunchy Nature Valley con chocolate negro,2.6,0.21,2025-11-17 07:25:49
8978,Barritas de barquillo Hacendado con relleno de avellana cubiertas de chocolate con leche,1.8,0.123,2025-11-17 07:22:25
12526,Barritas de barquillo Huesitos bañadas de chocolate con leche,2.8,0.2,2025-11-17 07:22:21
12510,Barritas de barquillo Kit-Kat bañadas de chocolate con leche,2.95,0.2075,2025-11-17 07:22:22
14500,"Barritas de barquillo Meivel rellenas de turrón Viena, cacahuete y sabor a limón",2.55,0.18,2025-11-17 07:22:22
15344,Barritas de barquillo Tokke mini,1.7,0.141,2025-11-17 07:22:28
52493,Barritas de cereales con frutos secos Hacendado,1.65,0.15,2025-11-17 07:25:47
13052,Barritas de cereales con galleta animada Hacendado,1.55,0.12,2025-11-17 07:25:48
9350,Barritas de cereales Hacendado chocolate con leche,1.55,0.12,2025-11-17 07:25:46
73249,Barritas de cereales Hacendado con chocolate blanco,1.55,0.127,2025-11-17 07:25:46
7975,Barritas de cereales Hacendado sabor mango,1.65,0.12,2025-11-17 07:25:48
9349,Barritas de cereales muesli Hacendado con chocolate,1.55,0.138,2025-11-17 07:25:47
12171,Barritas de chocolate con leche Hacendado rellenas de leche,2.2,0.2,2025-11-17 07:22:22
35917,Barritas de espelta Hacendado sabor manzana,1.55,0.12,2025-11-17 07:25:48
38111,Barritas de fruta y miel para canarios Natura,1.85,0.09,2025-11-17 07:38:05
38145,Barritas de fruta y miel para periquitos Natura,1.85,0.09,2025-11-17 07:38:05
14133,Barritas de galleta bañadas en chocolate con leche Chips Ahoy,1.5,0.14,2025-11-17 07:25:59
52494,Barritas de galleta rellenas de arándanos Hacendado,1.55,0.125,2025-11-17 07:25:48
12540,Barritas de galleta y caramelo Hacendado bañadas de chocolate con leche,1.85,0.2,2025-11-17 07:22:23
52442,"Barritas Peanuts Hacendado bañadas de chocolate con leche y rellenas con caramelo, cacahuetes tostados y crema azucarada",1.95,0.216,2025-11-17 07:22:26
63648,Bases de pizza artesanas extrafinas y crujientes Hacendado ultracongeladas,1.8,0.42,2025-11-17 07:39:47
63606,Bases de pizza sin gluten sin lactosa Hacendado ultracongeladas,3.8,0.4,2025-11-17 07:39:47
52856,Bastoncillos algodón para bebés Deliplus,1.05,60.0,2025-11-17 07:23:06
79007,Bastoncillos de algodón 100% Deliplus,0.9,200.0,2025-11-17 07:32:41
15287,Bastones de batata Hacendado ultracongelada,2.65,0.75,2025-11-17 07:28:37
69239,Batata,0.92,0.39,2025-11-17 07:33:13
69465,Batatas para microondas,2.5,0.4,2025-11-17 07:33:36
23050,Batido de chocolate 90% leche Hacendado,1.45,1.0,2025-11-17 07:34:05
10055,Batido de chocolate 90% leche Hacendado,1.75,1.2,2025-11-17 07:34:05
10043,Batido de chocolate 90% leche Puleva,2.4,1.2,2025-11-17 07:34:06
10066,Batido de chocolate ColaCao Energy,2.85,0.752,2025-11-17 07:34:06
10050,Batido de chocolate Hacendado,1.55,1.2,2025-11-17 07:34:04
23049,Batido de chocolate Hacendado,1.3,1.0,2025-11-17 07:34:05
22967,Batido de chocolate Hacendado 0% sin azúcares añadidos,1.85,1.2,2025-11-17 07:34:07
10051,Batido de vainilla Hacendado,1.55,1.2,2025-11-17 07:34:06
86418,Batido lácteo sabor chocolate +Proteínas Hacendado 30 g proteínas,1.3,0.33,2025-11-17 07:40:39
86419,Batido lácteo sabor vainilla +Proteínas Hacendado 30 g proteínas,1.3,0.33,2025-11-17 07:40:39
23051,Batido sabor fresa Hacendado,1.3,1.0,2025-11-17 07:34:07
10054,Batido sabor fresa Hacendado,1.55,1.2,2025-11-17 07:34:07
23052,Batido sabor vainilla Hacendado,1.3,1.0,2025-11-17 07:34:06
22825,Bayeta cristales y espejos Bosque Verde microfibra,0.85,1.0,2025-11-17 07:34:34
71033,Bayeta grande Bosque Verde microfibra,1.75,1.0,2025-11-17 07:34:33
22774,Bayeta pequeña Bosque Verde microfibra,1.6,1.0,2025-11-17 07:34:34
60620,Bayeta polvo Bosque Verde microfibra,0.9,1.0,2025-11-17 07:34:34
71044,Bayeta suave multiusos Bosque Verde,1.2,1.0,2025-11-17 07:34:33
23107,"Bebida 0,0% sin alcohol Tanqueray",14.65,0.7,2025-11-17 07:23:39
39224,Bebida 5 frutas Hacendado sin azúcares añadidos,1.75,1.2,2025-11-17 07:40:56
39109,Bebida Bahamas Hacendado,1.4,2.0,2025-11-17 07:40:55
13955,Bebida cider con gas Spieler sabor a manzana,4.74,1.5,2025-11-17 07:23:31
13956,Bebida cider con gas Spieler sabor a manzana,0.79,0.25,2025-11-17 07:23:32
23925,Bebida de almendras 0% azúcar Hacendado,7.2,6.0,2025-11-17 07:33:59
23926,Bebida de almendras 0% azúcar Hacendado,1.2,1.0,2025-11-17 07:33:59
15647,Bebida de almendras con calcio Hacendado,7.2,6.0,2025-11-17 07:34:00
15648,Bebida de almendras con calcio Hacendado,1.2,1.0,2025-11-17 07:34:00
23048,Bebida de arroz sin azúcares añadidos Hacendado,6.6,6.0,2025-11-17 07:33:59
23047,Bebida de arroz sin azúcares añadidos Hacendado,1.1,1.0,2025-11-17 07:33:59
39627,Bebida de arándanos y frutas rojas Hacendado sin azúcares añadidos,1.65,1.0,2025-11-17 07:40:56
13849,Bebida de avellana y arroz sin azúcares añadidos Hacendado,7.8,6.0,2025-11-17 07:34:01
13848,Bebida de avellana y arroz sin azúcares añadidos Hacendado,1.3,1.0,2025-11-17 07:34:02
23908,Bebida de avena Alitey,5.7,6.0,2025-11-17 07:33:56
23912,Bebida de avena Alitey,0.95,1.0,2025-11-17 07:33:56
23046,Bebida de avena Alitey,1.5,0.75,2025-11-17 07:33:56
10688,Bebida de avena con café Hacendado,0.9,0.25,2025-11-17 07:34:01
86168,Bebida de avena con calcio sin azúcares añadidos Hacendado,7.2,6.0,2025-11-17 07:33:57
86167,Bebida de avena con calcio sin azúcares añadidos Hacendado,1.2,1.0,2025-11-17 07:33:57
52633,Bebida de avena con chocolate sin azucares añadidos Hacendado,7.5,6.0,2025-11-17 07:34:03
52634,Bebida de avena con chocolate sin azúcares añadidos Hacendado,1.25,1.0,2025-11-17 07:34:03
60926,Bebida de avena con chocolate sin azúcares añadidos Hacendado,1.6,0.75,2025-11-17 07:34:04
52639,Bebida de avena Hacendado 0% azúcar,4.5,6.0,2025-11-17 07:34:03
52640,Bebida de avena Hacendado 0% azúcar,0.75,1.0,2025-11-17 07:34:03
13847,Bebida de coco y arroz sin azúcares añadidos Hacendado,9.6,6.0,2025-11-17 07:34:00
13846,Bebida de coco y arroz sin azúcares añadidos Hacendado,1.6,1.0,2025-11-17 07:34:01
39640,Bebida de frutas rojas antioxidante Hacendado sin azúcares añadidos,1.75,1.0,2025-11-17 07:40:56
60588,Bebida de mango Hacendado sin azúcares añadidos,1.25,1.0,2025-11-17 07:41:05
8247,Bebida de melocotón Hacendado sin azúcares añadidos,1.0,1.0,2025-11-17 07:40:58
8248,Bebida de melocotón Hacendado sin azúcares añadidos,1.5,1.2,2025-11-17 07:40:59
8790,Bebida de naranja Hacendado sin azúcares añadidos,1.05,1.0,2025-11-17 07:41:03
8791,Bebida de naranja Hacendado sin azúcares añadidos,1.85,1.2,2025-11-17 07:41:03
39119,Bebida de piña Hacendado sin azúcares añadidos,1.1,1.0,2025-11-17 07:40:59
39106,Bebida de piña Hacendado sin azúcares añadidos,1.6,1.2,2025-11-17 07:41:00
39604,Bebida de pomelo Hacendado sin azúcares añadidos,1.25,1.0,2025-11-17 07:41:06
29322,Bebida de soja 0% azúcar Hacendado,4.5,6.0,2025-11-17 07:33:58
29314,Bebida de soja 0% azúcar Hacendado,0.75,1.0,2025-11-17 07:33:58
13681,Bebida de soja con calcio y vitaminas Hacendado,3.9,6.0,2025-11-17 07:33:57
13682,Bebida de soja con calcio y vitaminas Hacendado,0.65,1.0,2025-11-17 07:33:58
14346,Bebida de soja sabor café 0% azúcar,1.25,1.0,2025-11-17 07:34:04
14345,Bebida de soja sabor café 0% azúcar,7.5,6.0,2025-11-17 07:34:04
67950,Bebida de soja sabor vainilla Hacendado 0% azúcar,6.6,6.0,2025-11-17 07:34:02
67949,Bebida de soja sabor vainilla Hacendado 0% azúcar,1.1,1.0,2025-11-17 07:34:02
39650,"Bebida de zumo de naranja, mango y zanahoria La Verja sin azúcares añadidos",1.8,1.5,2025-11-17 07:40:55
28266,Bebida energética Energy Drink Hacendado,1.6,1.5,2025-11-17 07:20:08
28263,Bebida energética Energy Drink Hacendado,2.4,1.5,2025-11-17 07:20:08
28264,Bebida energética Energy Drink Hacendado,0.4,0.25,2025-11-17 07:20:08
5564,Bebida energética Energy Drink Zero Hacendado,2.4,1.5,2025-11-17 07:20:06
28664,Bebida energética energy Monster,6.68,2.0,2025-11-17 07:20:07
28016,Bebida energética Energy Monster,1.79,0.5,2025-11-17 07:20:07
28670,Bebida energética Energy Ultra zero Monster,4.76,2.0,2025-11-17 07:20:07
28119,Bebida energética Energy Ultra zero Monster,1.45,0.5,2025-11-17 07:20:07
15318,Bebida energética Furious Energy drink Hacendado,0.5,0.25,2025-11-17 07:20:10
13815,Bebida energética Mango Loco Monster,6.68,2.0,2025-11-17 07:20:10
13814,Bebida energética Mango Loco Monster,1.79,0.5,2025-11-17 07:20:10
29365,Bebida energética original Burn,3.32,2.0,2025-11-17 07:20:09
27913,Bebida energética original Burn,1.0,0.5,2025-11-17 07:20:09
8870,Bebida energética Red Bull,7.92,1.5,2025-11-17 07:20:08
27905,Bebida energética Red Bull,1.59,0.25,2025-11-17 07:20:09
13976,Bebida energética Zero Full Tropic Energy drink,1.0,0.5,2025-11-17 07:20:12
60603,Bebida energética Zero Furious Hacendado Energy drink,1.0,0.5,2025-11-17 07:20:11
27944,Bebida energética Zero Hacendado,0.4,0.25,2025-11-17 07:20:06
12854,Bebida energética Zero Katrine Energy drink Hacendado,1.0,0.5,2025-11-17 07:20:11
13978,Bebida energética Zero Sunset Energy drink Hacendado,1.0,0.5,2025-11-17 07:20:12
14452,Bebida espirituosa centenario Terry,6.95,0.7,2025-11-17 07:23:41
60697,Bebida espirituosa Convidado de Baco,4.3,0.7,2025-11-17 07:23:41
39127,Bebida Florida Hacendado,1.4,2.0,2025-11-17 07:41:03
27759,Bebida Florida Sunny Delight,1.65,1.25,2025-11-17 07:20:44
28688,Bebida isotónica de naranja Iso drink,1.0,1.5,2025-11-17 07:20:04
15333,Bebida isotónica de naranja Iso drink,2.7,1.98,2025-11-17 07:20:05
15339,Bebida isotónica de naranja Iso drink,0.45,0.33,2025-11-17 07:20:05
29410,Bebida isotónica Iso On blue Hacendado,1.55,1.5,2025-11-17 07:20:04
29080,Bebida isotónica Iso On blue Hacendado,0.7,0.5,2025-11-17 07:20:04
29608,Bebida isotónica limón Aquarius,1.8,1.5,2025-11-17 07:20:01
29605,Bebida isotónica limón Aquarius,6.55,2.64,2025-11-17 07:20:02
29625,Bebida isotónica limón Aquarius,0.85,0.33,2025-11-17 07:20:02
29612,Bebida isotónica limón Aquarius zero azúcar,1.59,1.5,2025-11-17 07:20:03
29609,Bebida isotónica naranja Aquarius,1.8,1.5,2025-11-17 07:20:02
29604,Bebida isotónica naranja Aquarius,6.56,2.64,2025-11-17 07:20:03
29624,Bebida isotónica naranja Aquarius,0.85,0.33,2025-11-17 07:20:03
28576,Bebida isotónica sabor cítrico Iso drink,1.0,1.5,2025-11-17 07:20:02
15331,Bebida isotónica sabor cítrico Iso drink,2.7,1.98,2025-11-17 07:20:06
15332,Bebida isotónica sabor cítrico Iso drink,0.45,0.33,2025-11-17 07:20:06
11509,Bebida isotónica sabor cítrico Iso drink zero,1.0,1.5,2025-11-17 07:20:04
15664,Bebida Kéfir de coco Hacendado,1.1,0.25,2025-11-17 07:40:43
52750,Bebida Kéfir de fresa y plátano Hacendado,0.85,0.25,2025-11-17 07:40:44
15662,Bebida Kéfir natural Hacendado 0% m.g,0.85,0.25,2025-11-17 07:40:44
10820,Bebida láctea con cereales crecimiento y desarrollo Puleva Max,11.34,6.0,2025-11-17 07:34:08
10781,Bebida láctea con cereales crecimiento y desarrollo Puleva Max,1.89,1.0,2025-11-17 07:34:08
10726,Bebida láctea crecimiento y desarrollo Puleva Max,10.74,6.0,2025-11-17 07:34:07
10723,Bebida láctea crecimiento y desarrollo Puleva Max,1.79,1.0,2025-11-17 07:34:08
22002,Bebida láctea de fresa Cuidacol 0% azúcares añadidos,2.5,0.8,2025-11-17 07:40:42
20941,Bebida láctea de fresa Danacol 0% azúcares añadidos,5.45,1.0,2025-11-17 07:40:42
20612,Bebida láctea de fresa Hacendado,1.5,1.0,2025-11-17 07:40:37
20627,Bebida láctea de fresa L-casei,2.25,1.2,2025-11-17 07:40:40
20658,Bebida láctea de fresa L-casei 0% m.g 0% azúcares añadidos,1.55,0.6,2025-11-17 07:40:41
20613,Bebida láctea de fresa y plátano Hacendado,1.5,1.0,2025-11-17 07:40:36
9982,Bebida láctea de frutas del bosque Hacendado,1.5,1.0,2025-11-17 07:40:37
20629,Bebida láctea de piña y coco Hacendado,1.5,1.0,2025-11-17 07:40:37
35847,Bebida láctea desnatada +Proteínas sabor açaí plátano Hacendado 0% m.g 20 g proteínas,1.15,0.28,2025-11-17 07:40:39
10845,Bebida láctea desnatada omega 3 Hacendado,7.02,6.0,2025-11-17 07:33:50
10846,Bebida láctea desnatada omega 3 Hacendado,1.17,1.0,2025-11-17 07:33:50
21333,Bebida láctea desnatada sabor fresa +Proteínas Hacendado 0% m.g 20 g proteínas,1.15,0.28,2025-11-17 07:40:38
12753,"Bebida láctea desnatada sabor fresa y plátano +Proteínas Hacendado 0% m.g 17,4 g proteínas",2.5,1.0,2025-11-17 07:40:40
19985,Bebida láctea desnatada sabor stracciatella +Proteínas Hacendado 0% azúcares añadidos 20 g proteínas,1.15,0.28,2025-11-17 07:40:40
21378,Bebida láctea desnatada sabor tropical +Proteínas Hacendado 0% m.g 20 g proteínas,1.15,0.28,2025-11-17 07:40:39
20738,Bebida láctea natural Actimel,4.95,1.2,2025-11-17 07:40:41
20709,Bebida láctea natural Actimel 0% m.g,4.95,1.2,2025-11-17 07:40:42
9981,Bebida láctea natural azucarada Hacendado,1.5,1.0,2025-11-17 07:40:38
22126,Bebida láctea natural azucarada L-casei,2.25,1.2,2025-11-17 07:40:41
22001,Bebida láctea natural Cuidacol 0% azúcares añadidos,2.5,0.8,2025-11-17 07:40:43
20940,Bebida láctea natural Danacol 0% azúcares añadidos,5.45,1.0,2025-11-17 07:40:43
20657,Bebida láctea natural L-casei 0% m.g 0% azúcares añadidos,1.55,0.6,2025-11-17 07:40:41
10146,Bebida láctea Omega 3 Puleva con leche desnatada,10.5,6.0,2025-11-17 07:33:48
10884,Bebida láctea Omega 3 Puleva con leche desnatada,1.75,1.0,2025-11-17 07:33:49
10281,Bebida láctea Omega 3 Puleva con nueces y leche desnatada,11.7,6.0,2025-11-17 07:33:50
10282,Bebida láctea Omega 3 Puleva con nueces y leche desnatada,1.95,1.0,2025-11-17 07:33:50
23053,Bebida láctea sabor canela y limón Hacendado,1.75,1.0,2025-11-17 07:34:12
20640,Bebida láctea sabores L-casei,2.25,1.2,2025-11-17 07:40:40
10814,Bebida láctea semidesnatada con fibra Hacendado,7.8,6.0,2025-11-17 07:33:43
10826,Bebida láctea semidesnatada con fibra Hacendado,1.3,1.0,2025-11-17 07:33:43
20942,Bebida láctea tropical Danacol 0% azúcares añadidos,5.45,1.0,2025-11-17 07:40:43
39651,Bebida multivitaminas Hacendado sin azúcares añadidos,1.0,1.0,2025-11-17 07:40:56
8802,Bebida preparada de ron sabor mojito La Recompensa Ice,1.3,0.275,2025-11-17 07:23:45
39488,Bebida refrescante aromatizada tinto sin alcohol light Castillo de Salobreña,1.6,1.0,2025-11-17 07:24:01
39606,Bebida tropical Hacendado sin azúcares añadidos,0.9,1.0,2025-11-17 07:40:55
28999,Bebida zumo de manzana El Lagar sin alcohol,2.4,0.75,2025-11-17 07:23:51
60988,Bechamel Hacendado,2.35,0.6,2025-11-17 07:34:18
18509,Berberecho al natural XS Hacendado,3.2,0.185,2025-11-17 07:28:47
81416,Berberechos,6.2,0.5,2025-11-17 07:37:05
18564,Berberechos al natural M Hacendado,4.25,0.111,2025-11-17 07:28:47
18553,Berberechos al natural S Hacendado,3.05,0.111,2025-11-17 07:28:47
69326,Berenjena,0.76,0.39,2025-11-17 07:33:28
69347,Berenjena rayada,0.88,0.39,2025-11-17 07:33:29
19958,Berenjenas de Almagro aliñada Antonio,3.59,0.68,2025-11-17 07:20:57
84785,Berlina al cacao,1.55,0.24,2025-11-17 07:38:08
20140,Berlina con cobertura de cacao crunch rellena de crema de cacao,1.25,0.1,2025-11-17 07:38:13
20354,Berlina con cobertura y trozos de pistacho rellena de crema sabor pistacho,1.25,0.09,2025-11-17 07:38:12
84710,Berlina glacé,1.35,0.2,2025-11-17 07:38:08
79715,Biberón 150 ml tetina silicona flujo lento Deliplus +0 meses,3.3,1.0,2025-11-17 07:23:01
79470,Biberón 360 ml tetina silicona tres posiciones Deliplus +1 mes,3.8,1.0,2025-11-17 07:23:01
29007,Bicarbonato de sódio Hacendado,1.45,1.0,2025-11-17 07:19:14
29006,Bicarbonato de sódio Hacendado,1.1,0.3,2025-11-17 07:19:14
28408,Bitter Campari,15.5,0.7,2025-11-17 07:23:37
19876,Bitter Kas sin alcohol,7.84,2.64,2025-11-17 07:20:37
28435,Bitter Kas sin alcohol,0.99,0.33,2025-11-17 07:20:37
14443,Bizcocho azúcar sin gluten,2.8,0.3,2025-11-17 07:38:12
9965,Bizcocho con azúcar moreno y nueces,3.3,0.4,2025-11-17 07:38:11
85786,Bizcocho con baño de cacao Hacendado,0.37,0.068,2025-11-17 07:38:25
15197,Bizcocho con pistacho,4.1,0.42,2025-11-17 07:38:11
12809,Bizcocho de cacao,3.1,0.41,2025-11-17 07:38:11
82744,Bizcocho de chocolate sin gluten Hacendado,2.2,0.2,2025-11-17 07:38:22
84736,Bizcocho de chocolate sin gluten y sin lactosa,3.1,0.3,2025-11-17 07:38:12
83995,Bizcocho de yogur Hacendado,3.35,0.8,2025-11-17 07:38:08
15165,Bizcocho Hacendado,1.75,0.29,2025-11-17 07:38:25
23372,Bizcochos de huevo Hacendado,1.65,0.4,2025-11-17 07:38:21
82099,Bizcochos Hacendado,1.75,0.3,2025-11-17 07:38:21
52171,Bloc foie gras de pato Hacendado,5.25,0.1,2025-11-17 07:26:55
82098,Bocaditos bañados al cacao Hacendado,2.15,0.5,2025-11-17 07:38:19
51625,Bocaditos de queso con mermelada de papaya Hacendado,3.5,0.18,2025-11-17 07:27:30
70705,Bocaditos en gelatina gato adulto Delikuit,2.3,0.8,2025-11-17 07:37:43
70704,Bocaditos en gelatina gato adulto Delikuit,2.3,0.8,2025-11-17 07:37:44
22007,Bocaditos en gelatina gato júnior Delikuit con pollo y pavo,2.5,0.8,2025-11-17 07:37:43
35732,Bocaditos en salsa gato adulto Delikuit esterilizado,2.75,0.8,2025-11-17 07:37:44
52710,"Bocaditos en salsa gato adulto Lechat Excellence con pollo, pavo y verduras",0.7,0.4,2025-11-17 07:37:42
52711,"Bocaditos en salsa gato adulto Lechat Excellence con salmón, trucha  y verduras",0.7,0.4,2025-11-17 07:37:42
9833,Bocaditos en salsa perro adulto Special Dog Excellence con salmón y verduras,1.65,1.23,2025-11-17 07:37:55
9832,"Bocaditos en salsa perro adulto Special Dog Excellence con ternera, hígado y verduras",1.65,1.23,2025-11-17 07:37:55
62380,Bogavante americano mediano crudo Hacendado,15.67,,2025-11-17 07:37:02
23189,Bol biodegradable Bosque Verde,2.0,15.0,2025-11-17 07:35:34
34046,"Bolas de cereal bañadas Hacendado de chocolate negro, con leche y blanco",2.65,0.2,2025-11-17 07:22:25
14469,Bolitas de coco Hacendado,1.9,0.24,2025-11-17 07:22:31
14502,Bollitos glaseados Hacendado,2.2,0.41,2025-11-17 07:26:06
82609,Bollo con pepitas de chocolate Hacendado Choco Buns,1.65,0.25,2025-11-17 07:38:18
2439,Bolsa de rafia,0.65,1.0,2025-11-17 07:35:33
15636,Bolsa isotérmica,1.9,1.0,2025-11-17 07:35:32
14456,Bolsas congelación grandes Bosque Verde,1.3,1.0,2025-11-17 07:35:32
49224,Bolsas congelación medianas Bosque Verde,0.85,1.0,2025-11-17 07:35:31
12895,Bolsas de basura compostables Bosque Verde 10L cubo pequeño,2.3,1.0,2025-11-17 07:35:47
12896,Bolsas de basura cubo alto Bosque Verde 30L cubo mediano,2.75,1.0,2025-11-17 07:35:48
14466,Bolsas de basura envases Bosque Verde 30L cubo mediano,2.2,1.0,2025-11-17 07:35:47
12914,Bolsas de basura extra Bosque Verde 30L cubo mediano,2.15,1.0,2025-11-17 07:35:46
11967,Bolsas de basura grande perfumadas Bosque Verde 50L cubo grande,2.1,1.0,2025-11-17 07:35:46
49703,Bolsas de basura jardín Bosque Verde 100L cubo industrial,2.65,1.0,2025-11-17 07:35:46
49704,Bolsas de basura mini Bosque Verde 10L cubo pequeño,1.35,1.0,2025-11-17 07:35:46
22985,Bolsas de basura mini Bosque Verde 5L cubo pequeño,1.3,1.0,2025-11-17 07:35:47
49750,Bolsas de basura perfumadas Bosque Verde 30L cubo mediano,1.65,1.0,2025-11-17 07:35:45
12897,Bolsas de basura saco Bosque Verde 100L cubo industrial,2.0,1.0,2025-11-17 07:35:47
49760,Bolsas para residuos caninos Nuske Doggy bags,1.3,45.0,2025-11-17 07:38:02
15777,Bolsas reutilizables Bosque Verde,1.2,4.0,2025-11-17 07:35:33
49074,Bolsas zip congelación grandes Bosque Verde,1.3,1.0,2025-11-17 07:35:32
49073,Bolsas zip congelación medianas Bosque Verde,1.2,1.0,2025-11-17 07:35:32
52466,Bolsitas antipolillas Lavanda Bosque Verde,1.55,1.0,2025-11-17 07:34:40
35909,Bombones cereza al licor Hacendado con chocolate negro,2.2,0.15,2025-11-17 07:22:29
86496,Bombones de chocolate con leche Lindor Lindt,7.95,0.2,2025-11-17 07:22:29
86406,Bombones de coco Cocolizze Hacendado,2.9,0.132,2025-11-17 07:22:30
12471,Bombones delicias de avellana Delizze Hacendado,3.9,0.216,2025-11-17 07:22:30
12157,Bombones Ferrero Rocher,6.3,0.2,2025-11-17 07:22:28
18116,Bonito del norte en aceite de oliva Hacendado,3.3,0.222,2025-11-17 07:28:41
23122,Boquerones al vinagre Hacendado en aceite de girasol,5.6,0.33,2025-11-17 07:37:37
52451,Boquerones aliñados Hacendado,1.7,0.08,2025-11-17 07:37:40
80405,Boquerones en vinagre Hacendado en aceite de girasol,1.65,0.08,2025-11-17 07:37:37
81661.2,Boquerón limpio sin cabeza,1.39,0.2,2025-11-17 07:37:33
81661.1,Boquerón sin limpiar,1.39,0.2,2025-11-17 07:37:32
71314,Borrador mágico Bosque Verde,1.45,1.0,2025-11-17 07:34:32
1393,Botifarrón de carne,2.62,0.35,2025-11-17 07:25:19
28526,Brandy de Jerez solera gran reserva Convidado de Baco,10.2,0.7,2025-11-17 07:23:41
28525,Brandy de Jerez solera reserva Convidado de Baco,6.0,0.7,2025-11-17 07:23:40
14917,Brillo de labios Lip Gloss Terra Deliplus 01 nude rosado,4.5,0.0055,2025-11-17 07:36:30
14918,Brillo de labios Lip Gloss Terra Deliplus 02 opal ciruela,4.5,0.0055,2025-11-17 07:36:30
35377,Brillo de labios Volumizer gloss Deliplus 01 transparente,5.0,0.004,2025-11-17 07:36:28
35378,Brillo de labios Volumizer gloss Deliplus 02 nude,5.0,0.004,2025-11-17 07:36:29
35379,Brillo de labios Volumizer gloss Deliplus 03 nude rosa,5.0,0.004,2025-11-17 07:36:29
35381,Brillo de labios Volumizer gloss Deliplus 05 rosa,5.0,0.004,2025-11-17 07:36:29
35382,Brillo de labios Volumizer gloss Deliplus 06 morado,5.0,0.004,2025-11-17 07:36:29
35383,Brillo de labios Volumizer gloss Deliplus 07 transparente con destellos,5.0,0.004,2025-11-17 07:36:30
13251,Brioche Listo para Comer,3.0,0.16,2025-11-17 07:39:36
35902,"Brochetas de pollo, pimiento verde y tocino de cerdo con varilla",3.11,0.37,2025-11-17 07:25:33
8320,Bronceador facial fluido Bronzer luminoso Deliplus 01,5.0,0.012,2025-11-17 07:36:13
86402,Bruma facial hidratante Mist Facial Clean con ácido hialurónico y niacinamida,3.5,0.1,2025-11-17 07:30:40
20532,Bruma facial multifuncional Make Up Fixer Celestial Night Deliplus,5.5,0.1,2025-11-17 07:36:11
69580,Brócoli,1.09,0.42,2025-11-17 07:33:28
61261,Brócoli Hacendado ultracongelado,2.1,1.0,2025-11-17 07:28:31
62320,Buey de mar cocido Hacendado congelado,11.68,0.715,2025-11-17 07:37:02
3979,Burger americana gruesas,3.2,0.36,2025-11-17 07:25:24
4079,Burger Crunchy Chicken,2.0,0.24,2025-11-17 07:25:24
52672,Burger de cerdo,2.9,0.54,2025-11-17 07:25:21
8839,Burger de cordero al romero,3.7,0.24,2025-11-17 07:25:25
3976,Burger de pavo y espinacas,2.4,0.24,2025-11-17 07:25:23
2622,Burger de pollo,3.95,0.54,2025-11-17 07:25:22
86911,Burger de pollo gruesa,3.2,0.36,2025-11-17 07:25:22
8840,Burger de vaca madurada,2.9,0.18,2025-11-17 07:25:25
2873,Burger de vacuno,5.9,0.54,2025-11-17 07:25:22
3547,Burger de vacuno gruesas,4.8,0.36,2025-11-17 07:25:23
2872,Burger de vacuno y cerdo,4.5,0.54,2025-11-17 07:25:22
4155,Burger de vacuno y cerdo con jamón y cebolla caramelizada,2.8,0.24,2025-11-17 07:25:23
15269,Burgers vegetales Hacendado con calabaza,2.0,0.16,2025-11-17 07:40:05
51218,Burrata fresca Hacendado,2.3,0.25,2025-11-17 07:27:27
6044,Butifarra fresca,3.78,0.64,2025-11-17 07:25:20
35798,Bálsamo after shave Sensitive Deliplus con aloe vera y 0% alcohol,1.6,0.1,2025-11-17 07:30:13
73850,Bálsamo after shave Sensitive Nivea Men 0% alcohol,5.85,0.1,2025-11-17 07:30:12
35336,Bálsamo labial Color Balm Deliplus 07 nude rosa,4.5,1.0,2025-11-17 07:36:26
35337,Bálsamo labial Color Balm Deliplus 08 nude beige,4.5,1.0,2025-11-17 07:36:26
35338,Bálsamo labial Color Balm Deliplus 09 rosa medio perlado,4.5,1.0,2025-11-17 07:36:27
8291,Bálsamo labial Color Balm Deliplus 10 coral,4.5,1.0,2025-11-17 07:36:27
8292,Bálsamo labial Color Balm Deliplus 11 rosa,4.5,1.0,2025-11-17 07:36:27
8290,Bálsamo labial Color Balm Deliplus 12 frambuesa,4.5,1.0,2025-11-17 07:36:28
11663,Bálsamo labial Color Balm Deliplus 13 perlado,4.5,1.0,2025-11-17 07:36:28
76480,Bálsamo oriental efecto calor Deliplus con vitamina E,3.0,0.03,2025-11-17 07:32:45
22804,Bálsamo reparador labios Deliplus,2.6,0.015,2025-11-17 07:36:20
21377,Bífidus cremoso desnatado natural edulcorado Hacendado 0% m.g 0% sin azúcares añadidos,1.4,0.75,2025-11-17 07:40:15
21319,Bífidus cremoso desnatado Tropical Hacendado 0% m.g. 0% sin azúcares añadidos,1.3,0.5,2025-11-17 07:40:12
67977,Bífidus cremoso probiótico con coco Hacendado,1.3,0.5,2025-11-17 07:40:14
21329,Bífidus desnatado con nueces y cereales Hacendado 0% m.g.,1.3,0.5,2025-11-17 07:40:12
23477,Bífidus desnatado natural Activia 0% m.g.,3.89,0.96,2025-11-17 07:40:16
23476,Bífidus desnatado natural edulcorado Activia 0% m.g.,3.89,0.96,2025-11-17 07:40:15
21193,Bífidus desnatado natural Hacendado 0% m.g  0% sin azúcares añadidos,1.15,0.75,2025-11-17 07:40:15
21330,Bífidus desnatado probiótico con frutos silvestres Hacendado 0% m.g. 0% sin azúcares añadidos,1.3,0.5,2025-11-17 07:40:13
21318,Bífidus desnatado probiótico con kiwi Hacendado 0% m.g. 0% sin azúcares añadidos,1.3,0.5,2025-11-17 07:40:12
21331,Bífidus desnatado probiótico con pera Hacendado 0% m.g. 0% azúcares añadidos,1.3,0.5,2025-11-17 07:40:13
21332,Bífidus desnatado probiótico con piña Hacendado 0% m.g. 0% sin azúcares añadidos,1.3,0.5,2025-11-17 07:40:13
21307,Bífidus natural Hacendado,1.2,0.75,2025-11-17 07:40:15
20859,Bífidus natural probiótico azucarado Hacendado con cereales y fresas deshidratadas,1.15,0.17,2025-11-17 07:40:16
21336,"Bífidus natural probiótico Hacendado con coco, almendras y chocolate",1.2,0.18,2025-11-17 07:40:16
21327,Bífidus probiótico con cereales y fibras Hacendado,1.3,0.5,2025-11-17 07:40:13
21312,Bífidus probiótico con ciruelas pasas Hacendado,1.3,0.5,2025-11-17 07:40:14
21311,Bífidus probiótico con mango Hacendado,1.3,0.5,2025-11-17 07:40:14
86442,Cabecero de lomo Hacendado lonchas,2.7,0.15,2025-11-17 07:26:40
15031,Cabello de Ángel Hida,2.6,0.52,2025-11-17 07:29:02
59364,Cabeza de cerdo finas lonchas Hacendado,1.7,0.15,2025-11-17 07:26:13
16862,Cabeza de cerdo trufa con pistachos Hacendado finas lonchas,2.25,0.15,2025-11-17 07:26:27
13738,Cacahuete +Proteínas en polvo desgrasado Hacendado 14 g proteínas 70% reducido en grasa,2.75,0.2,2025-11-17 07:39:29
34143,Cacahuete frito con miel Hacendado,1.65,0.2,2025-11-17 07:21:04
34820,Cacahuete frito con sal Hacendado pelado,1.0,0.25,2025-11-17 07:20:59
34868,Cacahuete frito y salado Hacendado con piel,1.3,0.25,2025-11-17 07:21:01
34016,Cacahuete tostado con sal Hacendado,1.65,0.4,2025-11-17 07:21:04
34031,Cacahuete tostado Hacendado 0% sal añadida,1.65,0.4,2025-11-17 07:21:01
13451,Cacahuete tostado Hacendado pelado 0% sal añadida,1.15,0.2,2025-11-17 07:21:10
12020,Cacahuetes Chocoiris Hacendado bañados de chocolate con leche coloreados,2.0,0.18,2025-11-17 07:22:23
12347,Cacahuetes Hacendado chocolate con leche,2.45,0.25,2025-11-17 07:22:23
12348,Cacahuetes Hacendado chocolate negro,2.45,0.25,2025-11-17 07:22:23
11609,Cacao en polvo a la taza Hacendado,1.85,0.4,2025-11-17 07:24:15
12017,Cacao en polvo a la taza Valor,4.1,0.5,2025-11-17 07:24:15
22580,Cacao puro en polvo La Chocolatera,4.95,0.265,2025-11-17 07:24:15
19846,Cacao soluble ColaCao original,15.5,2.2,2025-11-17 07:24:13
13021,Cacao soluble ColaCao original,7.0,0.76,2025-11-17 07:24:13
13019,Cacao soluble ColaCao original,5.0,0.383,2025-11-17 07:24:13
13037,Cacao soluble Hacendado,5.0,1.0,2025-11-17 07:24:14
13038,Cacao soluble Hacendado,2.8,0.5,2025-11-17 07:24:14
8911,Cacao soluble instantáneo Hacendado,4.7,1.0,2025-11-17 07:24:14
8914,Cacao soluble instantáneo Hacendado,2.8,0.5,2025-11-17 07:24:14
67739,Cacao soluble instantáneo Nesquik,16.4,2.7,2025-11-17 07:24:12
13204,Cacao soluble instantáneo Nesquik,6.95,1.0,2025-11-17 07:24:12
13216,Cacao soluble instantáneo Nesquik,3.3,0.39,2025-11-17 07:24:12
52810,Cachopo de vacuno con jamón y queso sin gluten,4.43,0.25,2025-11-17 07:25:37
10666,Café con leche cappuccino Hacendado,0.85,0.25,2025-11-17 07:24:34
10672,Café con leche descafeinado Hacendado,0.85,0.25,2025-11-17 07:24:35
23405,Café con leche en cápsula descafeinado Hacendado,3.55,0.152,2025-11-17 07:24:21
11801,Café con leche en cápsula Dolce Gusto,4.95,0.16,2025-11-17 07:24:19
86348,Café con leche en cápsula Hacendado,3.55,0.1536,2025-11-17 07:24:20
11871,Café con leche en cápsula Tassimo,5.89,0.184,2025-11-17 07:24:23
10644,Café con leche espresso Hacendado,0.85,0.25,2025-11-17 07:24:35
10642,Café con leche light sin lactosa Hacendado,0.85,0.25,2025-11-17 07:24:34
67659,Café cortado en cápsula Hacendado,3.55,0.0928,2025-11-17 07:24:21
52775,Café en cápsula cappuccino Hacendado,3.55,0.1856,2025-11-17 07:24:22
13634,Café en cápsula classic Hacendado,3.55,0.112,2025-11-17 07:24:19
9847,Café en cápsula Colombia Hacendado,3.9,0.108,2025-11-17 07:24:16
11785,Café en cápsula cortado Dolce Gusto,4.95,0.1008,2025-11-17 07:24:20
11875,Café en cápsula cortado Tassimo,5.89,0.184,2025-11-17 07:24:23
13596,Café en cápsula descafeinado espresso Hacendado,3.95,0.104,2025-11-17 07:24:17
11869,Café en cápsula descafeinado espresso intenso Dolce Gusto,4.95,0.0992,2025-11-17 07:24:19
10355,Café en cápsula descafeinado Hacendado,3.95,0.104,2025-11-17 07:24:16
23293,Café en cápsula descafeinado Hacendado,3.55,0.112,2025-11-17 07:24:20
11874,Café en cápsula descafeinado Tassimo,5.89,0.1184,2025-11-17 07:24:23
22801,Café en cápsula doble espresso Hacendado,3.55,0.128,2025-11-17 07:24:22
10352,Café en cápsula espresso Hacendado,3.9,0.104,2025-11-17 07:24:17
11931,Café en cápsula espresso intenso Dolce Gusto,4.95,0.112,2025-11-17 07:24:18
11873,Café en cápsula espresso Tassimo,5.89,0.1184,2025-11-17 07:24:22
13636,Café en cápsula extra forte Hacendado,3.55,0.112,2025-11-17 07:24:18
10350,Café en cápsula extra fuerte Hacendado,3.9,0.104,2025-11-17 07:24:16
13635,Café en cápsula forte Hacendado,3.55,0.112,2025-11-17 07:24:19
11872,Café en cápsula largo Tassimo,5.89,0.1328,2025-11-17 07:24:22
10351,Café en cápsula ristretto Hacendado,3.9,0.106,2025-11-17 07:24:17
11918,Café en cápsula ristretto napoli Dolce Gusto,4.95,0.128,2025-11-17 07:24:20
14383,Café en cápsula sabor Caramel Hacendado,2.4,0.05,2025-11-17 07:24:18
52774,Café en cápsulas doble espresso Hacendado,3.9,0.11,2025-11-17 07:24:17
11077,Café en grano extra fuerte Hacendado,11.5,1.0,2025-11-17 07:24:30
13594,Café en grano natural Hacendado,11.5,1.0,2025-11-17 07:24:29
52491,Café en grano natural Hacendado descafeinado,13.0,1.0,2025-11-17 07:24:30
11715,Café molido Colombia Hacendado,3.6,0.25,2025-11-17 07:24:28
11745,Café molido descafeinado Climent,3.9,0.25,2025-11-17 07:24:29
13593,Café molido descafeinado Hacendado,5.5,0.5,2025-11-17 07:24:26
13592,Café molido descafeinado Hacendado,2.85,0.25,2025-11-17 07:24:27
11744,Café molido descafeinado Hacendado Espresso,3.8,0.25,2025-11-17 07:24:28
13700,Café molido fuerte Hacendado,5.3,0.5,2025-11-17 07:24:26
11171,Café molido fuerte Hacendado,2.75,0.25,2025-11-17 07:24:26
15922,Café molido mezcla Hacendado,5.6,0.5,2025-11-17 07:24:25
15923,Café molido mezcla Hacendado,2.85,0.25,2025-11-17 07:24:25
11752,Café molido mezcla Hacendado Espresso,3.6,0.25,2025-11-17 07:24:28
11845,Café molido mezcla Marcilla crème express,5.45,0.25,2025-11-17 07:24:29
11753,Café molido natural Bonka,4.5,0.25,2025-11-17 07:24:27
11810,Café molido natural Cafés Valiente,4.9,0.25,2025-11-17 07:24:27
11740,Café molido natural Climent,3.4,0.25,2025-11-17 07:24:29
11178,Café molido natural Hacendado,5.3,0.5,2025-11-17 07:24:25
11172,Café molido natural Hacendado,2.75,0.25,2025-11-17 07:24:25
11714,Café molido natural Hacendado Espresso,3.6,0.25,2025-11-17 07:24:27
11777,Café monodosis descafeinado natural Hacendado,3.3,0.224,2025-11-17 07:24:24
11730,Café monodosis mezcla Hacendado,3.4,0.224,2025-11-17 07:24:24
11770,Café monodosis natural Hacendado,3.0,0.224,2025-11-17 07:24:24
67660,Café soluble cappuccino caramelo Hacendado,3.0,0.25,2025-11-17 07:24:34
23406,Café soluble cappuccino Hacendado,2.75,0.25,2025-11-17 07:24:34
11049,Café soluble classic en sobres Hacendado,1.1,0.02,2025-11-17 07:24:31
22163,Café soluble Classic Hacendado,4.7,0.2,2025-11-17 07:24:30
22718,Café soluble Classic Hacendado,2.95,0.1,2025-11-17 07:24:31
11051,Café soluble descafeinado en sobres Hacendado,1.2,0.02,2025-11-17 07:24:32
22164,Café soluble descafeinado Hacendado,4.95,0.2,2025-11-17 07:24:32
22719,Café soluble descafeinado Hacendado,3.15,0.1,2025-11-17 07:24:32
11101,Café soluble descafeinado Nescafé classic,8.5,0.2,2025-11-17 07:24:33
11104,Café soluble descafeinado Nescafé classic,5.4,0.1,2025-11-17 07:24:33
11123,Café soluble Espresso Creme Hacendado,2.9,0.08,2025-11-17 07:24:33
11136,Café soluble natural Nescafé classic,8.5,0.2,2025-11-17 07:24:31
11111,Café soluble natural Nescafé classic,5.4,0.1,2025-11-17 07:24:32
69339,Calabacín blanco,0.7,0.32,2025-11-17 07:33:22
69338,Calabacín verde,0.74,0.4,2025-11-17 07:33:21
3527,Calabaza cacahuete cortada a trozos,2.11,0.52,2025-11-17 07:33:31
18713,Calamar en salsa americana Hacendado,2.8,0.24,2025-11-17 07:28:45
18714,Calamar en tinta Hacendado,3.1,0.24,2025-11-17 07:28:45
24417,Calamar grande Hacendado congelado,3.5,0.2,2025-11-17 07:37:19
63432,Calamar patagónico pequeño Hacendado ultracongelado,4.5,,2025-11-17 07:37:19
87177,Calamar pequeño limpio patagónico,6.0,0.3,2025-11-17 07:37:30
24242,Calamar troceado limpio Hacendado congelado,4.95,,2025-11-17 07:37:17
22860,Caldo de carne Hacendado en pastillas,0.9,0.12,2025-11-17 07:29:13
7026,Caldo de cocido casero Gallina Blanca,2.2,1.0,2025-11-17 07:29:11
52768,Caldo de cocido Hacendado,0.9,1.0,2025-11-17 07:29:13
7021,Caldo de marisco o fideuá para paella Hacendado con sofrito,2.0,1.0,2025-11-17 07:29:12
7325,Caldo de pescado Hacendado,1.0,1.0,2025-11-17 07:29:11
7305,Caldo de pescado Hacendado en pastillas,0.9,0.12,2025-11-17 07:29:14
7014,Caldo de pollo Avecrem en pastillas,2.95,0.24,2025-11-17 07:29:14
7024,Caldo de pollo casero Gallina Blanca,2.2,1.0,2025-11-17 07:29:11
7313,Caldo de pollo Hacendado,0.8,1.0,2025-11-17 07:29:11
7031,Caldo de pollo Hacendado bajo en sal,1.2,1.0,2025-11-17 07:29:12
7867,Caldo de pollo Hacendado en pastillas,1.45,0.24,2025-11-17 07:29:14
7032,Caldo de verduras Hacendado,1.0,1.0,2025-11-17 07:29:12
15592,Caldo de verduras Hacendado en pastillas,0.9,0.12,2025-11-17 07:29:15
7035,Caldo para paella de carne Hacendado con sofrito,2.25,1.0,2025-11-17 07:29:12
14790,Calendario Adviento 24 Makeup  Treasures Deliplus,25.0,1.0,2025-11-17 07:36:55
14352,Calendario de Adviento Navidad Hacendado con chocolatinas de chocolate con leche,1.85,0.065,2025-11-17 07:22:28
67786,Callos a la madrileña Hacendado,2.45,0.38,2025-11-17 07:40:00
2179,Callos preparados de ternera Rogusa,4.1,0.5,2025-11-17 07:25:36
24267,Camarón boreal cocido y pelado Royal Greenland ultracongelado,4.25,0.2,2025-11-17 07:37:01
60654,Cambiador multiusos desechable Deliplus,4.15,10.0,2025-11-17 07:23:08
52880,Canela en rama Hacendado,1.5,0.019,2025-11-17 07:19:24
34177,Canela molida Hacendado,1.0,0.052,2025-11-17 07:19:24
86601,Canelones de carne Hacendado ultracongelados,5.93,1.1,2025-11-17 07:27:34
86600,Canelones de carne Hacendado ultracongelados,3.24,0.6,2025-11-17 07:27:34
4493,Canelones de carne y boletus Hacendado,3.7,0.35,2025-11-17 07:39:51
69719,Canónigos lavados,1.2,0.125,2025-11-17 07:33:04
86864,Caprichos de queso con manzana Hacendado,1.75,0.064,2025-11-17 07:27:30
5919,Caquis maduros,1.95,0.3,2025-11-17 07:33:02
84663,Caracola con pasas 10%,0.9,0.103,2025-11-17 07:38:10
62303,Caracoles precocidos Hacendado ultracongelados,3.95,0.35,2025-11-17 07:37:07
32316,Caramelo líquido Hacendado,1.75,0.3,2025-11-17 07:39:29
65017,Caramelo Pikotas masticable Dulciora,1.45,0.1,2025-11-17 07:22:35
65311,Caramelos blandos Fruits Hacendado,1.6,0.3,2025-11-17 07:22:09
65123,Caramelos café Hacendado 0% azúcares,1.15,0.09,2025-11-17 07:22:08
13987,Caramelos con palo Mix Hacendado sabor cereza y fresa,1.2,0.0794,2025-11-17 07:22:10
65298,Caramelos cítricos mix Halls sin azúcar,2.95,0.128,2025-11-17 07:22:08
8820,Caramelos El Conde Drácula sabor cereza Cerdán,1.35,0.15,2025-11-17 07:22:11
65326,Caramelos eucaliptus mentol Respiral Halls,1.95,0.15,2025-11-17 07:22:08
19909,Caramelos Fruits & Flowers Hacendado 0% azúcares,1.35,0.09,2025-11-17 07:22:11
65143,Caramelos jengibre y própolis Hacendado 0% azúcares,1.35,0.09,2025-11-17 07:22:10
65328,Caramelos limón mentol Respiral Halls,1.95,0.15,2025-11-17 07:22:09
65324,Caramelos miel sabor limón Pifarré,1.15,0.125,2025-11-17 07:22:09
65302,Caramelos nata Hacendado 0% azúcares,1.15,0.09,2025-11-17 07:22:07
65299,Caramelos original Halls,2.95,0.128,2025-11-17 07:22:09
65327,Caramelos regaliz mentol Respiral Halls,1.95,0.15,2025-11-17 07:22:10
65138,Caramelos sabor eucalipto y mentol Hacendado 0% azúcares,1.0,0.09,2025-11-17 07:22:08
12771,Caramelos sabor eucalipto y mentol Hacendado 0% azúcares,1.5,0.093,2025-11-17 07:22:11
12766,Caramelos sabor lima Hacendado 0% azúcares,1.5,0.093,2025-11-17 07:22:11
12056,Carbón vegetal Bosque Verde,3.9,2.5,2025-11-17 07:35:38
2855,Carcasa de pollo certificado alimentado con un 50% de maíz,2.03,0.75,2025-11-17 07:24:57
2853,Carcasa y espinazo de pollo,1.23,0.95,2025-11-17 07:24:54
61206,Cardo Hacendado ultracongelado,1.65,0.45,2025-11-17 07:28:31
11511,Carne de cerdo Pulled Pork Hacendado sabor barbacoa,2.5,0.2,2025-11-17 07:39:56
62396,Carne de mejillón de Chile cocido Hacendado ultracongelado,2.35,,2025-11-17 07:37:04
34157,Carne de pimiento choricero Hacendado,1.55,0.14,2025-11-17 07:19:47
2632,Carpaccio de vacuno,4.1,0.11,2025-11-17 07:25:28
2810,Carrillada de cerdo,6.55,0.5,2025-11-17 07:25:07
4425,Carrillada de cerdo congelada,5.75,0.46,2025-11-17 07:27:39
21101,Carrillada de vacuno congelado,10.5,0.6,2025-11-17 07:27:38
5940,Castañas,3.5,0.5,2025-11-17 07:33:34
34194,Castañas cocidas y peladas Hacendado,1.4,0.1,2025-11-17 07:21:03
64145,Castañas heladas de nata Hacendado,3.0,0.32,2025-11-17 07:27:42
28969,Cava brut Anna Codorníu,9.15,0.75,2025-11-17 07:23:52
28921,Cava brut Cabré & Sabaté,3.3,0.75,2025-11-17 07:23:51
22977,Cava brut Cabré & Sabaté,1.75,0.2,2025-11-17 07:23:51
28908,Cava brut nature Jaume Serra,3.95,0.75,2025-11-17 07:23:52
28938,Cava brut nature reserva vintage Cabré & Sabaté,4.7,0.75,2025-11-17 07:23:52
28949,Cava brut Señorío De Requena,3.55,0.75,2025-11-17 07:23:52
28939,Cava semi seco Cabré & Sabaté,3.2,0.75,2025-11-17 07:23:53
28959,Cava semi seco Cabré & Sabaté Ice,4.1,0.75,2025-11-17 07:23:53
28006,Cava semi seco Freixenet,6.95,0.75,2025-11-17 07:23:53
28951,Cava semi seco Señorío De Requena,3.55,0.75,2025-11-17 07:23:53
34178,Cayena guindillas Hacendado,1.36,0.027,2025-11-17 07:19:26
37417,Cayena molida Hacendado,1.65,0.055,2025-11-17 07:19:26
85793,Caña de cacao Hacendado,0.55,0.1,2025-11-17 07:38:26
52992,Caña de hojaldre rellena de crema sabor vainilla Hacendado con cobertura de cacao,1.7,0.255,2025-11-17 07:38:24
58166,Caña de lomo cebo ibérico La Hacienda del ibérico,22.5,0.5,2025-11-17 07:26:42
58260,Caña de lomo cebo ibérico La Hacienda del ibérico,72.0,1.6,2025-11-17 07:26:42
52749,Cebolla caramelizada Hacendado,1.7,0.19,2025-11-17 07:28:57
34138,Cebolla en polvo Hacendado,0.94,0.06,2025-11-17 07:19:26
34208,Cebolla frita crujiente Hacendado,1.15,0.15,2025-11-17 07:19:24
5399,Cebolla roja Olives García en vinagre,3.15,0.72,2025-11-17 07:20:54
13568,Cebolla troceada Hacendado ultracongelada,1.04,0.45,2025-11-17 07:28:26
69079,Cebollas,2.95,2.0,2025-11-17 07:33:14
69089,Cebollas,1.7,1.0,2025-11-17 07:33:14
69155,Cebollas dulces,2.5,1.0,2025-11-17 07:33:15
69162,Cebollas rojas,1.4,0.5,2025-11-17 07:33:15
69139,Cebollas tiernas,1.7,1.0,2025-11-17 07:33:13
69286,Cebollino,1.8,0.02,2025-11-17 07:33:28
33141,Cebollitas Hacendado,1.6,0.35,2025-11-17 07:20:54
59101,Cecina ahumada natural Embutidos Pajariel lonchas,4.2,0.1,2025-11-17 07:26:48
15637,Cepillo de uñas Deliplus,1.9,1.0,2025-11-17 07:32:02
9823,Cepillo dental Duro Deliplus,1.1,1.0,2025-11-17 07:31:29
12838,Cepillo dental Eléctrico Oral-B Vitality Pro Precision Clean,24.0,1.0,2025-11-17 07:31:31
35406,Cepillo dental Infantil Deliplus,0.9,1.0,2025-11-17 07:31:29
9822,Cepillo dental Medio Deliplus,1.1,1.0,2025-11-17 07:31:28
11631,Cepillo dental Medio Deliplus + Action,1.5,1.0,2025-11-17 07:31:31
52472,Cepillo dental Sensitive Deliplus encías y dientes sensibles,1.3,1.0,2025-11-17 07:31:29
9821,Cepillo dental Suave Deliplus,1.1,1.0,2025-11-17 07:31:28
79576,Cepillo limpiabiberón y tetina Deliplus,2.5,1.0,2025-11-17 07:23:02
86643,Cepillo para lavar con asa Bosque Verde,1.9,1.0,2025-11-17 07:35:54
35714,Cepillos interdentales Extrafinos cónicos Deliplus,1.5,1.0,2025-11-17 07:31:32
35733,Cepillos interdentales Finos cónicos Deliplus,1.5,1.0,2025-11-17 07:31:33
35703,Cepillos interdentales Micro Deliplus,1.5,1.0,2025-11-17 07:31:36
35639,Cera cabello Brillo Deliplus fijación 4,3.1,0.1,2025-11-17 07:30:10
14433,Cera cabello Mate Deliplus fijación 4,3.1,0.1,2025-11-17 07:30:09
67534,Cera caliente en tarro Deliplus piel sensible,4.1,0.25,2025-11-17 07:30:53
12932,Cera facial caliente en tarro Deliplus piel sensible,3.75,0.1,2025-11-17 07:30:54
13995,Cera Multisuperficies Bosque Verde,4.5,1.0,2025-11-17 07:35:06
2813,Cerdo a tacos,3.22,0.56,2025-11-17 07:25:08
15611,Cereales avena Crunchy Hacendado,1.9,0.4,2025-11-17 07:25:45
52751,Cereales avena Crunchy Hacendado de cacao,2.15,0.4,2025-11-17 07:25:46
9532,Cereales Cereal Mix Hacendado 0% azúcares añadidos,2.4,0.375,2025-11-17 07:25:45
60236,Cereales con salvado de trigo Fibra Sticks Hacendado,1.8,0.5,2025-11-17 07:25:44
22966,Cereales copos de maíz Corn Flakes Hacendado 0% azúcares añadidos,1.5,0.5,2025-11-17 07:25:40
9210,Cereales copos de maíz Corn Flakes Kellogg's,3.0,0.5,2025-11-17 07:25:40
9508,Cereales copos de trigo Chocodays Hacendado con chocolate,2.0,0.5,2025-11-17 07:25:40
9571,Cereales copos de trigo espelta integral Hacendado 0% azúcares añadidos,1.7,0.4,2025-11-17 07:25:42
9488,Cereales copos de trigo integral y arroz Hacendado 0% azúcares añadidos,2.0,0.5,2025-11-17 07:25:42
9487,Cereales copos de trigo integral y arroz Hacendado bañados en chocolate con leche,2.65,0.375,2025-11-17 07:25:43
35707,Cereales copos de trigo integral y arroz Special K Classic,3.25,0.45,2025-11-17 07:25:41
52772,Cereales copos tostados de trigo integral y arroz Hacendado con chocolate,2.4,0.425,2025-11-17 07:25:43
35987,Cereales de arroz inflado Choco Krispies Kellogg's con chocolate,3.55,0.42,2025-11-17 07:25:40
80515,Cereales estrellas de maíz Stars Hacendado con miel,2.1,0.4,2025-11-17 07:25:39
9377,Cereales rellenos de chocolate y avellana Hacendado,2.1,0.5,2025-11-17 07:25:39
9547,Cereales rellenos de crema de cacao y avellana Hacendado sin gluten,2.25,0.4,2025-11-17 07:25:41
9264,Cereales rellenos de leche Hacendado,2.4,0.5,2025-11-17 07:25:38
11187,Cereales solubles con achicoria Hacendado,2.15,0.15,2025-11-17 07:24:35
9474,Cereales y semillas granola Hacendado con frutos secos,2.4,0.4,2025-11-17 07:25:44
9776,"Cerveza 0,0% sin alcohol El Águila sin filtrar",5.34,1.98,2025-11-10 20:01:32
9777,"Cerveza 0,0% sin alcohol El Águila sin filtrar",0.89,0.33,2025-11-13 19:31:43
66394,"Cerveza 0,0% sin alcohol Falke",2.34,1.5,2025-11-17 07:23:33
15990,"Cerveza 0,0% sin alcohol Falke",0.39,0.25,2025-11-17 07:23:33
66392,"Cerveza 0,0% sin alcohol Falke",4.32,3.96,2025-11-17 07:23:34
66393,"Cerveza 0,0% sin alcohol Falke",0.36,0.33,2025-11-17 07:23:35
27187,"Cerveza 0,0% sin alcohol San Miguel",3.3,1.5,2025-11-17 07:23:32
60581,"Cerveza 0,0% sin alcohol San Miguel",0.56,0.25,2025-11-17 07:23:32
12913,"Cerveza 0,0% sin alcohol tostada Falke",3.68,2.64,2025-11-17 07:23:35
13418,"Cerveza 0,0% sin alcohol tostada Falke",0.46,0.33,2025-11-17 07:23:35
66558,"Cerveza 0,0% sin alcohol tostada Mahou",6.9,1.98,2025-11-17 07:23:33
67026,"Cerveza 0,0% sin alcohol tostada Mahou",1.15,0.33,2025-11-17 07:23:34
66447,Cerveza Amstel,6.24,3.96,2025-11-17 07:23:14
66445,Cerveza Amstel,0.74,0.33,2025-11-17 07:23:14
86046,Cerveza Amstel,8.1,6.0,2025-11-17 07:23:21
28069,Cerveza Amstel,1.35,1.0,2025-11-17 07:23:22
66413,Cerveza Amstel,6.24,3.0,2025-11-17 07:23:22
15859,Cerveza Amstel,0.52,0.25,2025-11-17 07:23:22
66027,Cerveza clásica Mahou,6.0,3.96,2025-11-17 07:23:15
27178,Cerveza clásica Mahou,0.77,0.33,2025-11-17 07:23:16
66462,Cerveza Clásica Steinburg,3.72,3.96,2025-11-17 07:23:13
66463,Cerveza Clásica Steinburg,0.31,0.33,2025-11-17 07:23:13
66465,Cerveza Clásica Steinburg,5.7,6.0,2025-11-17 07:23:23
66466,Cerveza Clásica Steinburg,0.95,1.0,2025-11-17 07:23:23
22467,Cerveza Clásica Steinburg,3.96,3.0,2025-11-17 07:23:23
22489,Cerveza Clásica Steinburg,0.33,0.25,2025-11-17 07:23:23
5396,Cerveza con aguardiente de agave Desperados,6.0,1.5,2025-11-17 07:23:30
5397,Cerveza con aguardiente de agave Desperados,1.03,0.25,2025-11-17 07:23:31
66172,Cerveza Corona,6.96,2.13,2025-11-17 07:23:29
27355,Cerveza Corona,1.5,0.355,2025-11-17 07:23:29
52853,Cerveza de trigo Paulaner,7.38,1.98,2025-11-17 07:23:28
52854,Cerveza de trigo Paulaner,1.29,0.33,2025-11-17 07:23:28
66432,Cerveza doble malta 1897,3.18,1.98,2025-11-17 07:23:19
66433,Cerveza doble malta 1897,0.53,0.33,2025-11-17 07:23:19
28057,Cerveza doble malta Voll-Damm,6.12,1.98,2025-11-17 07:23:16
27137,Cerveza doble malta Voll-Damm,1.02,0.33,2025-11-17 07:23:16
13895,Cerveza El Águila sin filtrar,5.34,1.98,2025-11-17 07:23:25
27456,Cerveza El Águila sin filtrar,0.89,0.33,2025-11-17 07:23:25
60315,Cerveza especial 18/70 La Rubia,4.2,1.5,2025-11-17 07:23:27
60316,Cerveza especial 18/70 La Rubia,0.7,0.25,2025-11-17 07:23:27
66586,Cerveza especial Estrella Galicia,8.7,3.3,2025-11-17 07:23:20
27357,Cerveza especial Estrella Galicia,0.89,0.33,2025-11-17 07:23:20
66587,Cerveza especial Estrella Galicia,7.2,3.0,2025-11-17 07:23:26
15936,Cerveza especial Estrella Galicia,0.68,0.25,2025-11-17 07:23:26
9826,Cerveza especial Mahou,6.6,3.3,2025-11-17 07:23:15
27136,Cerveza especial Mahou,0.85,0.33,2025-11-17 07:23:15
86866,Cerveza especial mini Mahou,4.92,2.4,2025-11-17 07:23:27
86867,Cerveza especial mini Mahou,0.59,0.2,2025-11-17 07:23:27
66026,Cerveza especial San Miguel,5.4,3.96,2025-11-17 07:23:17
27103,Cerveza especial San Miguel,0.5,0.33,2025-11-17 07:23:17
86311,Cerveza especial sin gluten Falke,4.4,2.64,2025-11-17 07:23:21
86312,Cerveza especial sin gluten Falke,0.55,0.33,2025-11-17 07:23:21
12033,Cerveza especial Steinburg,4.08,3.96,2025-11-17 07:23:17
12036,Cerveza especial Steinburg,0.34,0.33,2025-11-17 07:23:18
52652,Cerveza especial Steinburg,4.68,3.0,2025-11-17 07:23:28
52653,Cerveza especial Steinburg,0.39,0.25,2025-11-17 07:23:28
66009,Cerveza extra 1906 reserva especial,7.38,1.98,2025-11-16 19:30:04
67092,Cerveza extra 1906 reserva especial,1.24,0.33,2025-11-17 07:23:26
27679,Cerveza Heineken,5.52,2.64,2025-11-17 07:23:13
27100,Cerveza Heineken,0.86,0.33,2025-11-17 07:23:14
27114,Cerveza Heineken,3.72,1.5,2025-11-17 07:23:24
70745,Cerveza Heineken,0.7,0.25,2025-11-17 07:23:24
66469,Cerveza Pils Krombacher,3.9,1.98,2025-11-17 07:23:18
66470,Cerveza Pils Krombacher,0.65,0.33,2025-11-17 07:23:18
86313,"Cerveza Radler Falke 0,0% sin alcohol",3.6,2.64,2025-11-17 07:23:31
86314,"Cerveza Radler Falke 0,0% sin alcohol",0.45,0.33,2025-11-17 07:23:31
66783,Cerveza Radler Steinburg con zumo natural de limón,4.92,3.96,2025-11-17 07:23:29
66554,Cerveza Radler Steinburg con zumo natural de limón,0.41,0.33,2025-11-17 07:23:30
27150,Cerveza reserva 1925 Alhambra,7.98,1.98,2025-11-17 07:23:24
66518,Cerveza reserva 1925 Alhambra,1.49,0.33,2025-11-17 07:23:24
66770,Cerveza Shandy Steinburg sabor limón,4.2,3.96,2025-11-17 07:23:30
66771,Cerveza Shandy Steinburg sabor limón,0.35,0.33,2025-11-17 07:23:30
23694,Cerveza sin alcohol Falke,4.32,3.96,2025-11-17 07:23:34
23695,Cerveza sin alcohol Falke,0.36,0.33,2025-11-17 07:23:34
11620,"Cerveza sin gluten 0,0% sin alcohol tostada Mahou",6.32,2.64,2025-11-17 07:23:35
11621,"Cerveza sin gluten 0,0% sin alcohol tostada Mahou",0.8,0.33,2025-11-17 07:23:36
66485,Cerveza Suave Steinburg,3.6,3.96,2025-11-17 07:23:16
66486,Cerveza Suave Steinburg,0.3,0.33,2025-11-17 07:23:17
86315,Cerveza tostada 1897,3.0,1.98,2025-11-17 07:23:20
86316,Cerveza tostada 1897,0.5,0.33,2025-11-17 07:23:21
60600,Cerveza tostada Turia,9.96,3.96,2025-11-17 07:23:19
60980,Cerveza tostada Turia,0.84,0.33,2025-11-17 07:23:20
67154,Cerveza tostada Turia,6.72,3.0,2025-11-17 07:23:25
67031,Cerveza tostada Turia,0.65,0.25,2025-11-17 07:23:25
69672,Champiñones grandes,2.45,0.43,2025-11-17 07:33:25
16618,Champiñones laminados Hacendado,1.0,0.355,2025-11-17 07:28:52
69519,Champiñones laminados limpios,2.11,0.32,2025-11-17 07:33:24
69651,Champiñones pequeños,1.54,0.3,2025-11-17 07:33:24
69664,Champiñones Portobello,2.16,0.3,2025-11-17 07:33:25
16625,Champiñón entero Hacendado,1.45,0.355,2025-11-17 07:28:53
16616,Champiñón laminado Hacendado,1.8,0.45,2025-11-17 07:28:53
35397,Champú anticaspa Citric Ultrex cabello graso,2.5,0.36,2025-11-17 07:29:36
20955,Champú anticaspa Citrus Fresh H&S cabello graso,3.95,0.33,2025-11-17 07:29:35
20956,Champú anticaspa Menthol Fresh H&S,3.95,0.33,2025-11-17 07:29:35
35398,Champú anticaspa Menthol Ultrex todo tipo de cabello,2.5,0.36,2025-11-17 07:29:36
11585,Champú Anticaída Fortificante Deliplus,2.05,0.4,2025-11-17 07:29:35
44337,Champú Argan Oil Deliplus cabello seco y dañado,2.05,0.4,2025-11-17 07:29:29
86076,Champú Color Intense Deliplus cabello teñido o con mechas,2.05,0.4,2025-11-17 07:29:30
52800,Champú Color Vive Elvive cabello teñido o con mechas,3.45,0.3,2025-11-17 07:29:31
22629,Champú Curl Perfect Deliplus cabello rizado,2.35,0.4,2025-11-17 07:29:32
44330,Champú Dermo Sensitive Deliplus cuero cabelludo sensible,2.05,0.4,2025-11-17 07:29:32
44296,Champú Detox Deliplus cabello graso,2.05,0.4,2025-11-17 07:29:30
44280,Champú Extra Suave Deliplus todo tipo de cabello,1.8,0.75,2025-11-17 07:29:32
52801,Champú Hidra Hialurónico Elvive cabello deshidratado,3.45,0.3,2025-11-17 07:29:34
52931,Champú Hydra hyaluronic Deliplus cabello de normal a seco,1.8,0.4,2025-11-17 07:29:30
13065,Champú infantil Deliplus,1.95,0.4,2025-11-17 07:23:03
44320,Champú infantil Kids 3 en 1 Deliplus,1.7,0.3,2025-11-17 07:29:37
7942,Champú Liso Keratina TRESemmé cabello encrespado o dañado,2.95,0.35,2025-11-17 07:29:34
44281,Champú Liss Frizz Control Deliplus cabello rebelde,1.8,0.4,2025-11-17 07:29:31
44335,Champú Natural Deliplus todo tipo de cabello,2.05,0.4,2025-11-17 07:29:31
8925,Champú perros y gatos con aloe vera Nuske efecto repelente,3.5,0.31,2025-11-17 07:38:02
67794,Champú Plex Repair Deliplus cabello muy dañado,2.35,0.4,2025-11-17 07:29:34
35419,Champú protección y brillo Deliplus todo tipo de cabello,1.6,1.0,2025-11-17 07:29:28
67800,Champú Protect Triple Action Deliplus preventivo y protector,2.5,0.3,2025-11-17 07:29:37
46568,Champú Repair & Nutrition Deliplus cabello seco y dañado,2.05,0.4,2025-11-17 07:29:29
35612,Champú Repara & Protege Pantene cabello débil y dañado,3.15,0.3,2025-11-17 07:29:29
44233,Champú seco O'lysee,2.0,0.2,2025-11-17 07:29:32
86306,"Champú Silver Blond Deliplus cabello rubio, decolorado y grises,",2.75,0.4,2025-11-17 07:29:34
20954,Champú y acondicionador anticaspa Classic 2 en 1 H&S,3.95,0.33,2025-11-17 07:29:36
35399,Champú y acondicionador anticaspa Classic 2 en 1 Ultrex todo tipo de cabello,2.5,0.36,2025-11-17 07:29:36
44286,Champú Zero Deliplus todo tipo de cabello,2.05,0.4,2025-11-17 07:29:33
52614,Chicles eucalipto gragea Hacendado,1.0,0.045,2025-11-17 07:22:07
65164,Chicles fresa gragea Hacendado,1.0,0.045,2025-11-17 07:22:05
65165,Chicles fresa gragea Hacendado,1.95,0.1,2025-11-17 07:22:06
65161,Chicles hierbabuena gragea Hacendado,1.0,0.045,2025-11-17 07:22:04
65172,Chicles hierbabuena gragea Hacendado,1.95,0.1,2025-11-17 07:22:04
65139,Chicles hierbabuena lámina Hacendado,1.0,0.031,2025-11-17 07:22:05
65177,Chicles jengibre gragea Hacendado,1.0,0.045,2025-11-17 07:22:07
52754,"Chicles Melones ácidos Hacendado sabor melón, fresa, melocotón y frambuesa",1.15,0.1,2025-11-17 07:22:07
65235,Chicles menta fuerte gragea Hacendado,1.0,0.045,2025-11-17 07:22:03
65067,Chicles menta fuerte gragea Hacendado,1.95,0.1,2025-11-17 07:22:04
65147,Chicles menta suave gragea Hacendado,1.0,0.045,2025-11-17 07:22:05
65135,Chicles original sabor frutas gragea Hacendado,1.0,0.045,2025-11-17 07:22:06
65140,Chicles sandía lámina Hacendado,1.0,0.031,2025-11-17 07:22:06
65213,Chicles XXL gragea Hacendado,1.8,0.1,2025-11-17 07:22:06
23137,Chili con carne Hacendado,2.8,0.42,2025-11-17 07:19:47
26775,Chipirones enharinados Hacendado ultracongelado,4.8,0.325,2025-11-17 07:37:14
23560,Chipirones rellenos enteros en aceite de girasol Hacendado,2.25,0.115,2025-11-17 07:28:46
81443,Chirla,4.35,0.5,2025-11-17 07:37:05
2864,Chistorra,1.55,0.22,2025-11-17 07:25:19
12543,Chocolate blanco fundir Hacendado,2.25,0.2,2025-11-17 07:38:40
22408,Chocolate blanco Fussion Hacendado relleno con cremoso de coco y almendras troceadas,1.35,0.1,2025-11-17 07:22:21
9891,Chocolate blanco Fussion Hacendado relleno de crema de galleta y cacao,1.35,0.11,2025-11-17 07:22:21
12476,Chocolate blanco Hacendado,1.15,0.1,2025-11-17 07:22:20
15101,Chocolate con leche classic Hacendado extrafino,1.3,0.125,2025-11-17 07:22:20
12562,Chocolate con leche extrafino Nestlé,1.95,0.125,2025-11-17 07:22:16
12533,Chocolate con leche fundir Hacendado,2.4,0.2,2025-11-17 07:38:42
86798,Chocolate con leche Fussion Hacendado relleno crema de fresa,1.35,0.11,2025-11-17 07:22:18
15527,"Chocolate con leche Fussion Hacendado relleno cremoso, avellanas y barquillo crujiente",1.35,0.1,2025-11-17 07:22:19
70756,Chocolate con leche Fussion Hacendado relleno de galleta caramelizada,1.35,0.11,2025-11-17 07:22:19
19988,Chocolate con leche Hacendado almendras enteras,2.5,0.15,2025-11-17 07:22:20
15633,Chocolate con leche Hacendado avellanas troceadas,1.65,0.15,2025-11-17 07:22:18
12151,Chocolate con leche Milka,2.15,0.15,2025-11-17 07:22:17
12016,Chocolate con leche Milka galleta,4.5,0.3,2025-11-17 07:22:18
12107,Chocolate con leche Valor almendras enteras,5.25,0.25,2025-11-17 07:22:17
12946,Chocolate extrafino con leche Hacendado 0% azúcares añadidos,1.35,0.1,2025-11-17 07:22:18
12037,Chocolate extrafino con leche Hacendado almendras enteras,2.0,0.2,2025-11-17 07:22:17
10005,Chocolate líquido a la taza Hacendado,2.35,1.0,2025-11-17 07:24:15
70652,Chocolate negro 55% cacao Hacendado,1.75,0.15,2025-11-17 07:22:16
40358,Chocolate negro 55% cacao Hacendado con almendras,2.6,0.2,2025-11-17 07:22:13
12530,Chocolate negro 70% cacao fundir Hacendado 0% azúcares añadidos,3.4,0.2,2025-11-17 07:38:42
22703,Chocolate negro 72% cacao Hacendado con trozos de naranja,1.95,0.1,2025-11-17 07:22:15
23773,Chocolate negro 72% de cacao Hacendado,1.85,0.1,2025-11-17 07:22:13
29062,Chocolate negro 72% de cacao Hacendado con almendras enteras,3.05,0.2,2025-11-17 07:22:14
9820,Chocolate negro 72% de cacao Hacendado con almendras enteras,3.05,0.15,2025-11-17 07:22:16
12524,Chocolate negro 85% cacao extrafino y edulcorante Hacendado 0% azúcares añadidos,2.35,0.1,2025-11-17 07:22:15
60722,Chocolate negro 85% cacao Hacendado,1.95,0.1,2025-11-17 07:22:12
12531,Chocolate negro fundir Hacendado,2.4,0.2,2025-11-17 07:38:38
12126,Chocolate puro Valor,5.25,0.3,2025-11-17 07:22:13
12130,Chocolate puro Valor con almendras enteras,5.25,0.25,2025-11-17 07:22:14
12431,Chocolatinas de chocolate negro Royal Mints 49% rellenas de crema sabor a menta,2.4,0.2,2025-11-17 07:22:14
59333,Chopped cerdo Hacendado lonchas,1.4,0.25,2025-11-17 07:26:25
59340,Chopped cocido en lata Hacendado finas lonchas,1.7,0.15,2025-11-17 07:26:25
59332,Chopped Hacendado,2.25,0.5,2025-11-17 07:26:25
6046,Chorizo aperitivo,2.59,0.3,2025-11-16 19:32:36
59154,Chorizo asturiano,2.8,0.25,2025-11-17 07:24:47
58160,Chorizo cular ibérico extra La Hacienda del ibérico,9.5,0.5,2025-11-17 07:26:39
58264,Chorizo cular ibérico extra La Hacienda del ibérico,18.62,0.98,2025-11-17 07:26:39
58388,Chorizo de bellota ibérico cular cortado a máquina,3.33,0.09,2025-11-17 07:26:37
58387,Chorizo de bellota ibérico extra cular Juan del Roble,31.05,1.15,2025-11-17 07:26:39
58245,Chorizo de bellota ibérico La hacienda del ibérico,10.26,0.38,2025-11-17 07:26:39
58265,Chorizo de cebo ibérico cortado a máquina,2.61,0.09,2025-11-17 07:26:37
59158,Chorizo de pavo extra Hacendado lonchas,2.8,0.15,2025-11-17 07:26:36
54105,Chorizo de Tarancón Bricio,3.2,1.0,2025-11-17 07:26:38
54209,Chorizo dulce extra Hacendado,2.49,0.28,2025-11-17 07:26:38
59086,Chorizo extra Hacendado lonchas,2.0,0.24,2025-11-17 07:26:35
59080,Chorizo extra pimienta Hacendado finas lonchas,1.85,0.1,2025-11-17 07:26:37
60699,Chorizo ibérico extra La Hacienda del ibérico lonchas,2.3,0.125,2025-11-17 07:26:36
6048,Chorizo oreado,2.57,0.36,2025-11-17 07:25:19
12073,Chorizo Pamplona extra Hacendado lonchas,2.0,0.24,2025-11-17 07:26:35
6047,Chorizo picante aperitivo,2.6,0.3,2025-11-17 07:25:21
54210,Chorizo picante extra Hacendado,2.49,0.28,2025-11-17 07:26:36
12084,Chorizo picante extra Hacendado lonchas,2.5,0.24,2025-11-17 07:26:37
23145,Chorizo sarta extra ahumado De León,4.3,0.35,2025-11-17 07:26:40
23146,Chorizo sarta extra picante De León,4.3,0.35,2025-11-17 07:26:40
16717,Chucrut al estilo bávaro Hengstenberg,2.2,0.68,2025-11-17 07:28:58
4900,Chuletas aguja de cerdo,4.2,0.75,2025-11-17 07:25:13
4334,Chuletas cordero de lechal congeladas,15.4,0.55,2025-11-17 07:27:38
23305,Chuletas de cerdo sajonia,3.67,0.39,2025-11-17 07:25:36
4363,Chuletas de cordero palo y riñonada,13.33,0.43,2025-11-17 07:25:16
4523,Chuletas de pavo contramuslo,4.72,0.66,2025-11-17 07:24:49
4901,Chuletas lomo de cerdo,3.55,0.55,2025-11-17 07:25:13
79663,Chupete silicona reversible Deliplus +0 a 6 meses,2.5,1.0,2025-11-17 07:23:02
79497,Chupete silicona reversible Deliplus +18 meses,2.5,1.0,2025-11-17 07:23:03
79493,Chupete silicona reversible Deliplus +6 a 18 meses luminiscente,2.5,1.0,2025-11-17 07:23:02
14485,Churrasquito de vacuno añojo,3.47,0.165,2025-11-17 07:25:31
15545,Churros Hacendado ultracongelados,1.5,0.5,2025-11-17 07:28:22
62323,Cigala cruda grande Hacendado ultracongelado,16.95,0.5,2025-11-17 07:37:02
62322,Cigala cruda mediana Hacendado ultracongelada,9.31,0.34,2025-11-17 07:37:01
69690,Cilantro,1.25,0.02,2025-11-17 07:33:27
34721,Cilantro Hacendado,1.85,0.012,2025-11-17 07:19:19
73128,Cinta dental con cera y sabor menta,2.5,1.0,2025-11-17 07:31:35
3649,Ciruela amarilla,0.48,0.12,2025-11-16 19:42:49
20020,Ciruelas desecadas sin hueso Hacendado,2.14,0.25,2025-11-17 07:21:14
31312,Claras de huevo líquidas pasteurizadas,2.85,1.0,2025-11-17 07:33:39
31309,Claras de huevo líquidas pasteurizadas,1.7,0.3,2025-11-17 07:33:39
34122,Clavo en grano Hacendado,1.75,0.042,2025-11-17 07:19:28
23414,Cloro 5 acciones disolución lenta tabletas para piscina,28.3,5.0,2025-11-17 07:35:01
80320,Cloro rápido granulado para piscina,32.5,5.0,2025-11-17 07:35:00
85028,Cocas Cidoncha congeladas,2.41,0.36,2025-11-17 07:39:48
85827,Cocas de dacsa Susana congeladas,1.89,0.55,2025-11-17 07:39:49
52990,Cocido Hacendado,1.9,0.42,2025-11-17 07:40:02
34047,Cocktail crunchy sabores Hacendado,1.75,0.2,2025-11-17 07:21:11
34924,Cocktail fruta deshidratada Hacendado,1.6,0.2,2025-11-17 07:21:13
14926,Cocktail galletitas de aperitivo Hacendado,1.65,0.3,2025-11-17 07:21:25
30138,Cocktail mezcla aperitivos fritos Hacendado,1.0,0.1,2025-11-17 07:21:26
34231,Cocktail mezcla Hacendado,1.75,0.3,2025-11-17 07:21:11
86809,Cocktail natural Hacendado,2.8,0.2,2025-11-17 07:21:12
11513,Cocktail rodeo Hacendado,1.85,0.3,2025-11-17 07:21:11
80450,Cocktail rumba Hacendado,1.75,0.3,2025-11-17 07:21:13
60015,Cocktail tostado 0% sal añadida Hacendado,2.8,0.2,2025-11-17 07:21:12
60009,Cocktail tostado y ahumado Hacendado,2.8,0.2,2025-11-17 07:21:12
34035,Coco rallado Hacendado,1.3,0.125,2025-11-17 07:39:28
13710,Codillo de cerdo asado Hacendado,4.67,0.73,2025-11-17 07:39:54
2796,Codornices,4.2,0.35,2025-11-17 07:24:50
69582,Cogollos corazón de lechuga,2.0,6.0,2025-11-17 07:33:07
69581,Cogollos de lechuga,1.05,3.0,2025-11-17 07:33:05
24340,Cola de rape del Cabo sin piel Hacendado ultracongelada,8.98,,2025-11-17 07:37:11
24102,Colas de gambón crudo Hacendado congelado,6.55,0.25,2025-11-17 07:37:03
69379,Coles de bruselas,2.4,0.5,2025-11-17 07:33:24
61248,Coles de Bruselas Hacendado ultracongeladas,1.65,0.45,2025-11-17 07:28:33
52422,Colgador antipolillas Lavanda Bosque Verde,1.55,1.0,2025-11-17 07:34:41
52423,Colgador antipolillas Ropa Limpia Bosque Verde,1.55,1.0,2025-11-17 07:34:40
43484,Colgador WC Azul limpieza activa Bosque Verde,1.25,0.08,2025-11-17 07:35:11
43474,Colgador WC Azul perfume marino Bosque Verde,1.25,0.08,2025-11-17 07:35:10
19907,Colgador WC Maxigotas Dália Bosque Verde,1.3,0.08,2025-11-17 07:35:14
8264,Colgador WC Maxigotas Spa Bosque Verde,1.3,0.08,2025-11-17 07:35:14
35926,Colgador WC Power Activ Pino Bref,2.95,0.1,2025-11-17 07:35:13
69220,Coliflor,2.28,1.11,2025-11-17 07:33:23
61231,Coliflor Hacendado ultracongelada,2.13,1.0,2025-11-17 07:28:34
61006,"Coliflor, brócoli y zanahoria Hacendado ultracongelada",2.0,1.0,2025-11-17 07:28:33
73252,Coloración permanente 0% amoníaco 1 negro Colorcor,3.9,1.0,2025-11-17 07:29:38
73253,Coloración permanente 0% amoníaco 1.88 negro azulado intenso Colorcor,3.9,1.0,2025-11-17 07:29:39
73273,Coloración permanente 0% amoníaco 10.0 rubio extra claro Colorcor,3.9,1.0,2025-11-17 07:29:55
73274,Coloración permanente 0% amoníaco 101 rubio platino ceniza Colorcor,3.9,1.0,2025-11-17 07:29:56
73014,Coloración permanente 0% amoníaco 3 castaño oscuro Colorcor,3.9,1.0,2025-11-17 07:29:40
73256,Coloración permanente 0% amoníaco 4.15 chocolate helado Colorcor,3.9,1.0,2025-11-17 07:29:41
73257,Coloración permanente 0% amoníaco 5 castaño claro Colorcor,3.9,1.0,2025-11-17 07:29:42
22693,Coloración permanente 0% amoníaco 5.1 castaño claro ceniza Colorcor,3.9,1.0,2025-11-17 07:29:43
73258,Coloración permanente 0% amoníaco 5.35 chocolate Colorcor,3.9,1.0,2025-11-17 07:29:43
73259,Coloración permanente 0% amoníaco 5.69 violín Colorcor,3.9,1.0,2025-11-17 07:29:57
73260,Coloración permanente 0% amoníaco 6.0 rubio oscuro luminoso Colorcor,3.9,1.0,2025-11-17 07:29:45
22694,Coloración permanente 0% amoníaco 6.1 rubio oscuro ceniza Colorcor,3.9,1.0,2025-11-17 07:29:45
86414,Coloración permanente 0% amoníaco 6.34 caramelo miel Colorcor,3.9,1.0,2025-11-17 07:29:46
73261,Coloración permanente 0% amoníaco 6.6 rubio oscuro rojizo Colorcor,3.9,1.0,2025-11-17 07:29:58
73262,Coloración permanente 0% amoníaco 6.74 marrón cobrizo Colorcor,3.9,1.0,2025-11-17 07:29:59
72000,Coloración permanente 0% amoníaco 7 rubio Colorcor,3.9,1.0,2025-11-17 07:29:48
73264,Coloración permanente 0% amoníaco 7.0 rubio medio luminoso Colorcor,3.9,1.0,2025-11-17 07:29:48
22695,Coloración permanente 0% amoníaco 7.1 rubio medio ceniza Colorcor,3.9,1.0,2025-11-17 07:29:49
73265,Coloración permanente 0% amoníaco 7.13 rubio beige Colorcor,3.9,1.0,2025-11-17 07:29:49
73266,Coloración permanente 0% amoníaco 7.44 rubio cobrizo Colorcor,3.9,1.0,2025-11-17 07:29:59
73268,Coloración permanente 0% amoníaco 8.0 rubio claro luminoso Colorcor,3.9,1.0,2025-11-17 07:29:51
22696,Coloración permanente 0% amoníaco 8.1 rubio claro ceniza Colorcor,3.9,1.0,2025-11-17 07:29:52
73269,Coloración permanente 0% amoníaco 8.31 rubio miel Colorcor,3.9,1.0,2025-11-17 07:29:53
73270,Coloración permanente 0% amoníaco 8.66 rojo rubí Colorcor,3.9,1.0,2025-11-17 07:30:00
73272,Coloración permanente 0% amoníaco 9.0 rubio muy claro luminoso Colorcor,3.9,1.0,2025-11-17 07:29:53
22697,Coloración permanente 0% amoníaco 9.1 rubio muy claro ceniza Colorcor,3.9,1.0,2025-11-17 07:29:54
73182,Coloración permanente 1 negro Colorcor,3.9,1.0,2025-11-17 07:29:38
77783,Coloración permanente 1.0 ultra negro Color Sensation,3.9,1.0,2025-11-17 07:29:39
73184,Coloración permanente 10 rubio extra claro Colorcor,3.9,1.0,2025-11-17 07:29:54
75625,Coloración permanente 10 rubio muy claro Excellence Creme,8.9,1.0,2025-11-17 07:29:55
73185,Coloración permanente 100 rubio platino natural Colorcor,3.9,1.0,2025-11-17 07:29:55
73147,Coloración permanente 101 rubio platino ceniza Colorcor,3.9,1.0,2025-11-17 07:29:56
77799,Coloración permanente 110 rubio extra claro ceniza Color Sensation,3.9,1.0,2025-11-17 07:29:56
73149,Coloración permanente 2.10 negro azulado Colorcor,3.9,1.0,2025-11-17 07:29:39
73150,Coloración permanente 3 castaño oscuro Colorcor,3.9,1.0,2025-11-17 07:29:39
75301,Coloración permanente 3 castaño oscuro Excellence Creme,8.9,1.0,2025-11-17 07:29:40
77787,Coloración permanente 3.16 violín intenso Color Sensation,3.9,1.0,2025-11-17 07:29:57
73255,Coloración permanente 4 castaño 0% amoníaco Colorcor,3.9,1.0,2025-11-17 07:29:41
75302,Coloración permanente 4 castaño Excellence Creme,8.9,1.0,2025-11-17 07:29:41
73195,Coloración permanente 4 castaño medio Colorcor,3.9,1.0,2025-11-17 07:29:40
73153,Coloración permanente 4.15 chocolate helado Colorcor,3.9,1.0,2025-11-17 07:29:41
73154,Coloración permanente 4.5 caoba oscuro Colorcor,3.9,1.0,2025-11-17 07:29:57
73196,Coloración permanente 5 castaño claro Colorcor,3.9,1.0,2025-11-17 07:29:42
75303,Coloración permanente 5 castaño claro Excellence Creme,8.9,1.0,2025-11-17 07:29:42
77791,Coloración permanente 5.0 castaño luminoso Color Sensation,3.9,1.0,2025-11-17 07:29:42
73415,Coloración permanente 5.20 violín Colorcor,3.9,1.0,2025-11-17 07:29:57
78595,Coloración permanente 5.35 castaño canela Color Sensatión,3.9,1.0,2025-11-17 07:29:43
73159,Coloración permanente 5.77 castaño claro marrón intenso Colorcor,3.9,1.0,2025-11-17 07:29:44
73160,Coloración permanente 5.79 marrón chocolate Colorcor,3.9,1.0,2025-11-17 07:29:44
73197,Coloración permanente 6 rubio oscuro Colorcor,3.9,1.0,2025-11-17 07:29:44
75304,Coloración permanente 6 rubio oscuro Excellence Creme,8.9,1.0,2025-11-17 07:29:44
77794,Coloración permanente 6.0  rubio oscuro Color Sensation,3.9,1.0,2025-11-17 07:29:45
75319,Coloración permanente 6.1 rubio ceniza oscuro Excellence Creme,8.9,1.0,2025-11-12 19:38:18
73162,Coloración permanente 6.1 rubio oscuro ceniza Colorcor,3.9,1.0,2025-11-17 07:29:45
73163,Coloración permanente 6.15 marrón macadamia Colorcor,3.9,1.0,2025-11-17 07:29:46
73164,Coloración permanente 6.25 marrón avellana Colorcor,3.9,1.0,2025-11-17 07:29:46
73165,Coloración permanente 6.35 marrón caramelo Colorcor,3.9,1.0,2025-11-17 07:29:47
77795,Coloración permanente 6.35 rubio caramelo Color Sensation,3.9,1.0,2025-11-17 07:29:47
73166,Coloración permanente 6.4 rubio oscuro cobrizo Colorcor,3.9,1.0,2025-11-17 07:29:58
77796,Coloración permanente 6.60 rojo intenso Color Sensation,3.9,1.0,2025-11-17 07:29:58
73167,Coloración permanente 6.60 rojo pasión Colorcor,3.9,1.0,2025-11-17 07:29:58
73192,Coloración permanente 7 1/2.1 rubio medio ceniza Colorcor,3.9,1.0,2025-11-17 07:29:49
75305,Coloración permanente 7 rubio Excellence Creme,8.9,1.0,2025-11-17 07:29:48
73168,Coloración permanente 7 rubio medio Colorcor,3.9,1.0,2025-11-17 07:29:47
75309,Coloración permanente 7.1 rubio ceniza Excellence Creme,8.9,1.0,2025-11-17 07:29:48
73169,Coloración permanente 7.1 rubio medio ceniza Colorcor,3.9,1.0,2025-11-17 07:29:49
75310,Coloración permanente 7.3 rubio dorado Excellence Creme,8.9,1.0,2025-11-17 07:29:50
73170,Coloración permanente 7.3 rubio medio dorado Colorcor,3.9,1.0,2025-11-17 07:29:50
73198,Coloración permanente 7.31 nude beige Colorcor,3.9,1.0,2025-11-17 07:29:50
73171,Coloración permanente 7.40 rubio cobrizo intenso Colorcor,3.9,1.0,2025-11-17 07:29:59
73172,Coloración permanente 7.43 cobre cálido Colorcor,3.9,1.0,2025-11-17 07:29:59
73173,Coloración permanente 7.77 rubio marrón intenso Colorcor,3.9,1.0,2025-11-17 07:29:50
73194,Coloración permanente 8 1/2.1 rubio claro ceniza Colorcor,3.9,1.0,2025-11-17 07:29:52
73174,Coloración permanente 8 rubio claro Colorcor,3.9,1.0,2025-11-17 07:29:51
75306,Coloración permanente 8 rubio claro Excellence Creme,8.9,1.0,2025-11-17 07:29:51
73175,Coloración permanente 8.1 rubio claro ceniza Colorcor,3.9,1.0,2025-11-17 07:29:52
75311,Coloración permanente 8.1 rubio claro ceniza Excellence Creme,8.9,1.0,2025-11-13 07:29:31
73176,Coloración permanente 8.3 rubio claro dorado Colorcor,3.9,1.0,2025-11-17 07:29:52
73199,Coloración permanente 8.31 nude arena Colorcor,3.9,1.0,2025-11-17 07:29:53
73177,Coloración permanente 8.44 rubio claro cobrizo Colorcor,3.9,1.0,2025-11-17 07:30:00
73178,Coloración permanente 8.6 rojo intenso Colorcor,3.9,1.0,2025-11-17 07:30:00
73179,Coloración permanente 9 rubio clarísimo Colorcor,3.9,1.0,2025-11-17 07:29:53
75315,Coloración permanente 9.1 rubio claro claro ceniza Excellence Creme,8.9,1.0,2025-11-12 07:31:08
73180,Coloración permanente 9.1 rubio clarísimo ceniza Colorcor,3.9,1.0,2025-11-17 07:29:54
73181,Coloración permanente 9.3 rubio clarísimo dorado Colorcor,3.9,1.0,2025-11-17 07:29:54
34182,Colorante alimentario Hacendado,0.95,0.085,2025-11-17 07:19:20
80399,Colorete compacto Blush Luminoso Deliplus 01 rosa,5.0,1.0,2025-11-17 07:36:12
80422,Colorete compacto Blush Luminoso Deliplus 03 dorado,5.0,1.0,2025-11-17 07:36:12
80395,Colorete compacto Blush Mate Deliplus 02 coral,5.0,0.005,2025-11-17 07:36:12
80396,Colorete compacto Blush Mate Deliplus 03 rojo,5.0,0.005,2025-11-17 07:36:12
80398,Colorete compacto Blush Satin Deliplus 02 natural,5.0,1.0,2025-11-17 07:36:13
12906,Colorete compacto Blush Satin Deliplus 04 multicolor coral,5.0,1.0,2025-11-17 07:36:13
8317,Colorete fluido Blush luminoso Deliplus 01,5.0,0.012,2025-11-17 07:36:14
8318,Colorete fluido Blush luminoso Deliplus 02,5.0,0.012,2025-11-17 07:36:14
12819,Colorete fluido Blush mate Deliplus 01 rosa amarronado,5.0,0.012,2025-11-17 07:36:15
12825,Colorete fluido Blush mate Deliplus 02 coral,5.0,0.012,2025-11-17 07:36:15
12832,Colorete fluido Blush mate Deliplus 03 rosa,5.0,0.012,2025-11-17 07:36:15
12833,Colorete fluido Blush mate Deliplus 04 rojo,5.0,0.012,2025-11-17 07:36:15
35588,Colágeno soluble sabor limón Colagen,5.3,0.25,2025-11-17 07:32:34
22177,Combinado de aperitivos Hacendado,1.6,0.2,2025-11-17 07:21:23
16833,"Combinado frutos secos, frutas desecadas y semillas de calabaza Hacendado",2.6,0.2,2025-11-17 07:21:11
15987,"Comida gato adulto Compy con pollo, ternera, frutas y verduras",12.5,10.0,2025-11-17 07:37:46
15986,"Comida gato adulto Compy con pollo, ternera, frutas y verduras",2.95,2.0,2025-11-17 07:37:47
15983,"Comida gato adulto Compy con salmón, atún, frutas y verduras",13.5,10.0,2025-11-17 07:37:47
15982,"Comida gato adulto Compy con salmón, atún, frutas y verduras",3.1,2.0,2025-11-17 07:37:47
15742,"Comida gato adulto esterilizado light Compy con pollo, frutas y verduras",3.4,1.5,2025-11-17 07:37:48
15560,"Comida gato adulto esterilizado light Supreme Compy con pollo fresco, frutas y verduras",5.8,1.5,2025-11-17 07:37:48
13714,"Comida gato adulto Supreme Compy con pollo, frutas y verduras",5.8,1.5,2025-11-17 07:37:48
13715,"Comida gato adulto Supreme Compy con salmón, frutas y verduras",5.8,1.5,2025-11-17 07:37:48
15640,"Comida gato júnior Compy con pollo, frutas y verduras",3.3,1.5,2025-11-17 07:37:46
23174,"Comida gato sénior Supreme Compy con pollo fresco, frutas y verduras",6.3,1.5,2025-11-17 07:37:49
15974,"Comida perro adulto Compy con pollo, ternera, frutas y verduras",19.5,18.0,2025-11-17 07:37:57
15972,"Comida perro adulto Compy con pollo, ternera, frutas y verduras",6.5,4.0,2025-11-17 07:37:57
15970,"Comida perro adulto Compy con pollo, ternera, frutas y verduras",6.0,3.0,2025-11-17 07:37:57
15973,"Comida perro adulto Compy con salmón, atún, frutas y verduras",7.0,4.0,2025-11-17 07:37:59
38297,"Comida perro adulto Compy con ternera, pollo, verduras y arroz",16.95,18.0,2025-11-17 07:37:56
52101,Comida perro adulto Compy original,13.1,18.0,2025-11-17 07:37:58
15979,Comida perro adulto Supreme Compy pollo fresco con frutas y verduras,24.5,10.0,2025-11-17 07:38:00
15978,Comida perro adulto Supreme Compy pollo fresco con frutas y verduras,9.5,3.0,2025-11-17 07:38:00
15976,Comida perro adulto Supreme Compy pollo fresco con frutas y verduras,5.25,1.5,2025-11-17 07:38:01
15981,Comida perro adulto Supreme Compy salmón fresco con frutas y verduras,26.5,10.0,2025-11-17 07:37:59
15980,Comida perro adulto Supreme Compy salmón fresco con frutas y verduras,10.5,3.0,2025-11-17 07:38:00
15977,Comida perro adulto Supreme Compy salmón fresco con frutas y verduras,6.0,1.5,2025-11-17 07:38:00
23204,"Comida perro júnior Compy con pollo, arroz, frutas y verduras",7.0,4.0,2025-11-17 07:37:56
