id,name,last_price,unit_size,last_update
5841,11 Panecillos,1.14,0.495,2025-10-25 08:38:29
84629,12 Mini croissants de mantequilla,2.15,0.24,2025-10-25 08:37:45
84638,12 Mini saladas surtidas,1.25,0.195,2025-10-25 08:37:53
60354,2 Panes integrales 100% fino,1.4,0.165,2025-10-25 08:38:31
84597,24 Mini saladas surtidas,2.5,0.39,2025-10-25 08:37:53
83203.1,3 Barras de pan,1.19,0.75,2025-10-25 08:38:23
83232.1,3 Barras de pan aceite de oliva,1.51,0.6,2025-10-25 08:38:23
83232.2,3 Barras de pan aceite de oliva rebanadas,1.51,0.6,2025-10-25 08:38:33
83203.2,3 Barras de pan rebanadas,1.19,0.75,2025-10-25 08:38:33
9664,3 Bocadillos,1.04,0.39,2025-10-25 08:38:32
12985,3 Susos relleno de crema,1.65,0.153,2025-10-25 08:37:50
69737,3 Vegetales para microondas lavados,1.85,0.3,2025-10-25 08:32:26
6459,4 Panes chapata de cristal,1.3,0.284,2025-10-25 08:38:27
5850,4 Panes de cristal redondos cortados 100 % natural,1.84,0.24,2025-10-25 08:38:31
83452,5 Barras de pan 51% integral,1.36,0.625,2025-10-25 08:38:28
84688,6 Croissant rellenos de cacao,1.75,0.28,2025-10-25 08:37:45
84676,6 Mini empanadillas de pisto,1.75,0.2,2025-10-25 08:37:53
22388,6 Panecillos integrales 100%,0.99,0.27,2025-10-25 08:38:30
83056,6 Panes de centeno 51%,1.47,0.47,2025-10-25 08:38:29
14431,6 Panes de leche 3%,1.51,0.48,2025-10-25 08:38:28
83292,6 Panes pulguitas sin aditivos,1.04,0.24,2025-10-25 08:38:29
43861,70% Alcohol de Limpieza Perfumado Bosque Verde,2.3,1.0,2025-10-25 08:34:30
43112,70% Alcohol limpieza hogar Bosque Verde,2.6,0.75,2025-10-25 08:34:32
84937,8 Croissants surtidos rellenos de crema de cacao y crema con leche sabor a chocolate blanco,2.55,0.3,2025-10-25 08:37:51
84684,8 Magdalenas con azúcar,2.6,0.38,2025-10-25 08:37:47
84900,8 Magdalenas con pepitas de chocolate,3.1,0.38,2025-10-25 08:37:47
12586,99% cacao negro Hacendado,2.7,0.1,2025-10-25 08:19:06
42314,Abrillantador lavavajillas líquido Bosque Verde,1.2,0.75,2025-10-25 08:34:35
86652,Abrillantador lavavajillas líquido Finish,3.95,0.4,2025-10-25 08:34:38
13994,Abrillantador suelos Bosque Verde,2.5,1.0,2025-10-25 08:34:15
72878,Absorbeolores en gel para frigorífico Bosque Verde,1.8,1.0,2025-10-25 08:34:01
16831,Absorbeolores Ropa Limpia Bosque Verde,0.8,1.0,2025-10-25 08:34:01
79217,Aceite corporal aloe vera Deliplus,1.65,0.4,2025-10-25 08:28:49
46815,Aceite corporal de almendras Deliplus 100% natural,3.4,0.2,2025-10-25 08:28:49
46816,Aceite corporal de romero Deliplus 100% natural,3.2,0.2,2025-10-25 08:28:50
46831,Aceite corporal rosa mosqueta Deliplus,4.8,0.03,2025-10-25 08:28:50
4193,Aceite de coco virgen Hacendado,5.45,0.45,2025-10-25 08:15:38
4041,"Aceite de girasol refinado 0,2º Hacendado",8.45,5.0,2025-10-25 08:15:37
4040,"Aceite de girasol refinado 0,2º Hacendado",1.75,1.0,2025-10-25 08:15:37
4241,"Aceite de oliva 0,4º Hacendado",18.75,5.0,2025-10-25 08:15:31
4240,"Aceite de oliva 0,4º Hacendado",3.85,1.0,2025-10-25 08:15:31
4641,Aceite de oliva 1º Hacendado,19.45,5.0,2025-10-25 08:15:33
4640,Aceite de oliva 1º Hacendado,4.0,1.0,2025-10-25 08:15:33
4717,Aceite de oliva virgen extra Hacendado,13.7,3.0,2025-10-25 08:15:32
4740,Aceite de oliva virgen extra Hacendado,4.65,1.0,2025-10-25 08:15:32
4718,Aceite de oliva virgen extra Hacendado,2.8,0.2,2025-10-25 08:15:34
4706,Aceite de oliva virgen extra Hacendado Gran Selección,5.95,0.75,2025-10-25 08:15:32
4850,Aceite de oliva virgen extra Picual Casa Juncal,4.95,0.5,2025-10-25 08:15:34
4711,Aceite de oliva virgen Hacendado,11.75,3.0,2025-10-25 08:15:33
4749,Aceite de oliva virgen Hacendado,4.1,1.0,2025-10-25 08:15:34
52590,Aceite de Ricino Deliplus,3.45,0.03,2025-10-25 08:31:18
46844,Aceite en crema corporal oriental Deliplus,3.0,0.25,2025-10-25 08:28:49
8822,Aceite facial doble limpieza Facial Clean desmaquillante y limpiador,3.75,0.15,2025-10-25 08:29:08
19874,Aceite labial Lip Oil glow infusion Deliplus 01 nude,4.5,0.004,2025-10-25 08:35:53
19873,Aceite labial Lip Oil glow infusion Deliplus 02 cherry,4.5,0.004,2025-10-25 08:35:53
23017,Aceite árbol del té 100% puro Deliplus con pipeta dosificadora,3.0,0.01,2025-10-25 08:31:10
21756,Aceitunas negras de Aragón Campo Nature,2.5,0.2,2025-10-25 08:17:32
8309,Aceitunas negras en rodajas Hacendado,2.0,0.148,2025-10-25 08:17:32
52734,Aceitunas negras sin hueso Hacendado,1.05,0.35,2025-10-25 08:17:31
52733,Aceitunas negras sin hueso Hacendado,3.0,0.35,2025-10-25 08:17:31
33168,Aceitunas verdes Chupadedos Huerta de Barros partidas aliñadas,3.4,0.98,2025-10-25 08:17:27
33205,Aceitunas verdes con hueso Hacendado,1.5,0.43,2025-10-25 08:17:30
33120,Aceitunas verdes con hueso Hacendado sabor anchoa,2.95,0.935,2025-10-25 08:17:30
13422,Aceitunas verdes estilo casero Hacendado partidas aliñadas,2.95,0.935,2025-10-25 08:17:28
80177,Aceitunas verdes Gazpacha Hacendado partidas,2.5,0.835,2025-10-25 08:17:27
52622,Aceitunas verdes Picadedos sin hueso Hacendado aliñadas,3.5,0.71,2025-10-25 08:17:30
22910,Aceitunas verdes rellenas de anchoa Hacendado,3.15,1.05,2025-10-25 08:17:25
23217,Aceitunas verdes rellenas de anchoa Hacendado,1.75,0.36,2025-10-25 08:17:26
22911,Aceitunas verdes rellenas de anchoa Hacendado,1.05,0.35,2025-10-25 08:17:26
12764,Aceitunas verdes rellenas de anchoa Hacendado,3.25,0.83,2025-10-25 08:17:28
33078,Aceitunas verdes rellenas de anchoa Hacendado reducidas en sal,1.95,0.36,2025-10-25 08:17:27
33178,Aceitunas verdes rellenas de jalapeño Hacendado,1.75,0.35,2025-10-25 08:17:29
11946,Aceitunas verdes rellenas de pepinillo Hacendado,2.85,0.315,2025-10-25 08:17:31
23708,Aceitunas verdes rellenas de pimiento asado Hacendado,1.75,0.35,2025-10-25 08:17:29
33121,Aceitunas verdes sin hueso aliñadas Hacendado,1.9,0.42,2025-10-25 08:17:29
33053,Aceitunas verdes sin hueso Hacendado,2.8,0.835,2025-10-25 08:17:26
33114,Aceitunas verdes sin hueso Hacendado,1.7,0.525,2025-10-25 08:17:28
69725,Acelgas cortadas y lavadas,1.35,0.3,2025-10-25 08:32:19
16314,Acelgas troceadas Hacendado,1.75,0.66,2025-10-25 08:27:14
52933,Acondicionador instantáneo Hydra hyaluronic Deliplus cabello de normal a seco,2.0,0.25,2025-10-25 08:27:39
9970,Acondicionador instantáneo Kids Deliplus,1.7,0.25,2025-10-25 08:27:38
44326,Acondicionador instantáneo Repair & Nutrition Deliplus cabello seco y dañado,2.5,0.4,2025-10-25 08:27:38
7943,Acondicionador Liso Keratina TRESemmé cabello encrespado o dañado,2.95,0.35,2025-10-25 08:27:40
75532,Acondicionador Protector Color Vive Elvive cabello teñido o con mechas,3.4,0.25,2025-10-25 08:27:39
44363,Acondicionador Repair & Nutrition Deliplus cabello seco y dañado,1.4,0.3,2025-10-25 08:27:38
35615,Acondicionador Repara & Protege Pantene,3.55,0.25,2025-10-25 08:27:39
35420,Acondicionador Suavidad y Brillo Deliplus todo tipo de cabello,1.75,1.0,2025-10-25 08:27:38
40315,Activador Blanqueante ropa blanca Oxi Active Bosque Verde en polvo,3.1,1.0,2025-10-25 08:33:25
40230,Activador Blanqueante ropa blanca Oxi Active Bosque Verde líquido,1.75,2.0,2025-10-25 08:33:26
40317,Activador Quitamanchas ropa de color Oxi Active Bosque Verde en polvo,3.1,1.0,2025-10-25 08:33:25
40233,Activador Quitamanchas ropa de color Oxi Active Bosque Verde líquido,1.75,2.0,2025-10-25 08:33:25
28198,Agua de coco Hacendado 100% natural,2.6,1.0,2025-10-25 08:17:23
35516,Agua de colonia bebé Nenuco,2.85,0.5,2025-10-25 08:19:58
14391,Agua de colonia Deliplus Citrus Classic,2.75,0.75,2025-10-25 08:30:53
14390,Agua de colonia Deliplus Floral Infusion,2.75,0.75,2025-10-25 08:30:53
8949,Agua de colonia fresca infantil Deliplus con notas cítricas,1.9,0.6,2025-10-25 08:19:59
90794,Agua de colonia para perros y gatos Krislin,4.0,0.25,2025-10-25 08:37:38
46204,Agua de colonia S3 Classic fresh,3.5,0.75,2025-10-25 08:30:41
11677,Agua de colonia S3 Mediterránea,3.5,0.75,2025-10-25 08:30:51
44313,Agua de peinado cabello Aqua Styling Deliplus,2.1,0.2,2025-10-25 08:28:33
27203,Agua de soda con sifón La Casa,1.6,1.5,2025-10-25 08:16:33
90505,Agua destilada Bosque Verde,0.9,2.0,2025-10-25 08:33:29
76465,Agua facial de avena Deliplus,2.9,0.3,2025-10-25 08:29:06
46954,Agua micelar cara y ojos Facial Clean,3.0,0.4,2025-10-25 08:29:04
27366,Agua mineral con gas grande Cortes,2.58,9.0,2025-10-25 08:16:31
27367,Agua mineral con gas grande Cortes,0.43,1.5,2025-10-25 08:16:31
27598,Agua mineral con gas grande Fonter,6.84,6.0,2025-10-25 08:16:33
27597,Agua mineral con gas grande Fonter,1.14,1.0,2025-10-25 08:16:33
27894,Agua mineral con gas grande San Pellegrino,8.34,6.0,2025-10-25 08:16:32
27893,Agua mineral con gas grande San Pellegrino,1.39,1.0,2025-10-25 08:16:32
27213,Agua mineral con gas grande Vichy Catalan,1.49,1.0,2025-10-25 08:16:30
27368,Agua mineral con gas pequeña Cortes,1.74,3.0,2025-10-25 08:16:32
27369,Agua mineral con gas pequeña Cortes,0.29,0.5,2025-10-25 08:16:32
28185,Agua mineral con gas pequeña Vichy Catalan,5.89,1.8,2025-10-25 08:16:31
27314,Agua mineral grande Bezoya,4.44,9.0,2025-10-25 08:16:27
27230,Agua mineral grande Bezoya,0.74,1.5,2025-10-25 08:16:27
28035,Agua mineral grande Bronchales,1.28,6.0,2025-10-25 08:16:21
23448,Agua mineral grande Bronchales,2.34,9.0,2025-10-25 08:16:21
23449,Agua mineral grande Bronchales,0.39,1.5,2025-10-25 08:16:22
28060,Agua mineral grande Cortes,0.92,8.0,2025-10-25 08:16:24
27088,Agua mineral grande Cortes,0.79,6.0,2025-10-25 08:16:24
28269,Agua mineral grande Cortes,1.5,9.0,2025-10-25 08:16:24
28270,Agua mineral grande Cortes,0.25,1.5,2025-10-25 08:16:25
27350,Agua mineral grande Font Vella,3.9,9.0,2025-10-25 08:16:28
27204,Agua mineral grande Font Vella,0.68,1.5,2025-10-25 08:16:28
27291,Agua mineral grande Lanjarón,4.2,9.0,2025-10-25 08:16:29
27216,Agua mineral grande Lanjarón,0.73,1.5,2025-10-25 08:16:30
27099,Agua mineral grande Nestlé Aquarel,3.72,9.0,2025-10-25 08:16:27
27232,Agua mineral grande Nestlé Aquarel,0.62,1.5,2025-10-25 08:16:28
27327,Agua mineral grande Solán de Cabras,5.34,9.0,2025-10-25 08:16:29
27356,Agua mineral grande Solán de Cabras,0.89,1.5,2025-10-25 08:16:29
28491,Agua mineral mediana Bronchales,3.0,6.0,2025-10-25 08:16:22
28499,Agua mineral mediana Bronchales,0.5,1.0,2025-10-25 08:16:22
28163,Agua mineral mediana Cortes,2.4,6.0,2025-10-25 08:16:25
28164,Agua mineral mediana Cortes,0.4,1.0,2025-10-25 08:16:25
27061,Agua mineral pequeña Bronchales,1.74,3.0,2025-10-25 08:16:22
27054,Agua mineral pequeña Bronchales,0.29,0.5,2025-10-25 08:16:23
28566,Agua mineral pequeña Bronchales tapón infantil,2.4,1.98,2025-10-25 08:16:23
28567,Agua mineral pequeña Bronchales tapón infantil,0.4,0.33,2025-10-25 08:16:23
27076,Agua mineral pequeña Cortes,1.44,3.0,2025-10-25 08:16:26
27078,Agua mineral pequeña Cortes,0.24,0.5,2025-10-25 08:16:26
28288,Agua mineral pequeña Cortes tapón infantil,1.56,1.98,2025-10-25 08:16:26
28296,Agua mineral pequeña Cortes tapón infantil,0.26,0.33,2025-10-25 08:16:26
77241,Agua oxigenada Deliplus desinfectante antiséptico,0.65,0.25,2025-10-25 08:31:19
44413,Agua para plancha Bosque Verde perfume ropa limpia,1.5,1.0,2025-10-25 08:33:29
46559,Agua perfumada bebé con notas florales Deliplus,3.2,0.1,2025-10-25 08:19:59
3830,Aguacate,1.56,0.3,2025-10-25 08:31:39
3858,Aguacates,3.8,0.73,2025-10-25 08:31:39
86656,Ajo granulado Hacendado,1.2,0.115,2025-10-25 08:15:50
69695,Ajo negro dientes pelados,5.0,0.085,2025-10-25 08:32:03
61288,Ajo tierno Hacendado ultracongelado,2.05,0.3,2025-10-25 08:26:35
61251,Ajo troceado Hacendado ultracongelado,1.04,0.15,2025-10-25 08:26:41
60873,Ajo y Perejil Hacendado,1.35,0.074,2025-10-25 08:15:45
33022,Ajos aliñados Hacendado,2.6,0.345,2025-10-25 08:17:36
69297,Ajos morados,1.85,0.25,2025-10-25 08:32:02
2784,Alas de pollo,4.05,0.91,2025-10-25 08:22:19
2832,Alas de pollo adobadas,3.53,0.63,2025-10-25 08:23:06
8970,Alas de pollo adobadas picantes,3.33,0.52,2025-10-25 08:22:23
52426,Alas de pollo barbacoa congeladas,3.7,0.75,2025-10-25 08:25:32
25184,Alas de pollo congeladas,3.6,1.0,2025-10-25 08:25:29
2785,Alas partidas de pollo,3.12,0.6,2025-10-25 08:22:16
3791,Alas partidas de pollo certificado alimentado con un 50% de maíz,4.29,0.64,2025-10-25 08:22:20
69287,Albahaca,1.55,0.02,2025-10-25 08:32:17
34128,Albahaca Hacendado,1.25,0.02,2025-10-25 08:15:44
63435,Albóndigas de bacalao Camós congeladas,2.1,0.4,2025-10-25 08:36:41
2871,Albóndigas de cerdo,4.55,0.84,2025-10-25 08:22:56
23632,Albóndigas de pollo,6.0,0.84,2025-10-25 08:22:56
23139,Albóndigas de pollo Hacendado,1.8,0.42,2025-10-25 08:39:53
23138,Albóndigas en salsa Hacendado,1.8,0.42,2025-10-25 08:39:52
4797,Albóndigas guisadas Hacendado,2.75,0.275,2025-10-25 08:39:45
61205,Alcachofa baby Hacendado ultracongelada,3.05,0.3,2025-10-25 08:26:42
13865,Alcachofa troceada Hacendado ultracongelada,2.65,0.4,2025-10-25 08:26:35
33190,Alcaparras Hacendado,1.35,0.135,2025-10-25 08:17:34
77248,Alcohol 96º Deliplus antiséptico,0.75,0.25,2025-10-25 08:31:19
77322,Alcohol de romero Deliplus,2.0,0.25,2025-10-25 08:31:22
12051,Algodón hidrófilo 100% zig-zag hipoalergénico Deliplus,1.2,0.1,2025-10-25 08:31:21
43705,Algodón mágico Aladdin,3.8,0.075,2025-10-25 08:34:31
90309,Alguicida sin espuma líquido Bosque Verde para piscina,12.5,5.0,2025-10-25 08:34:08
13559,Alicate uñas Deliplus,4.9,1.0,2025-10-25 08:30:40
38007,Alimento completo conejos enanos Granzoo,1.7,0.8,2025-10-25 08:37:43
38130,Alimento completo para canarios y jilgueros Granzoo,1.88,1.0,2025-10-25 08:37:42
38220,Alimento completo para loros y cotorras Granzoo,3.3,0.7,2025-10-25 08:37:43
13646,Alimento completo para ninfa y agaporni Granzoo,1.85,0.8,2025-10-25 08:37:43
38131,Alimento completo para periquitos Granzoo,1.9,1.0,2025-10-25 08:37:41
52765,"Alimento completo para roedores Granzoo hámster, cobaya y chinchilla",1.9,0.7,2025-10-25 08:37:44
62704,Alistado mediano Hacendado ultracongelado,22.5,0.5,2025-10-25 08:36:24
24708,Alistado pequeño congelado,2227.5,,2025-10-25 08:36:28
24707,Alistado pequeño Hacendado congelado,24.94,1.16,2025-10-25 08:36:28
13705,Alitas de pollo asadas Hacendado,4.4,0.5,2025-10-25 08:39:44
17265,Aliño de aceite con perejil y ajo Hacendado,1.75,0.15,2025-10-25 08:16:18
17150,Allioli Chovi,1.45,0.18,2025-10-25 08:16:05
17173,Allioli en sobres individuales Hacendado,1.5,0.16,2025-10-25 08:16:06
17172,Allioli Hacendado,1.1,0.2,2025-10-25 08:16:05
60874,Almeja Hacendado congelada,1.7,0.45,2025-10-25 08:36:31
81418,Almeja japonesa,10.35,0.5,2025-10-25 08:36:31
18579,Almejas blancas del norte al natural Hacendado,1.65,0.185,2025-10-25 08:27:02
18552,Almejones al natural Hacendado,1.35,0.111,2025-10-25 08:27:01
34009,Almendra frita y salada Hacendado pelada,3.15,0.2,2025-10-25 08:17:43
80492,Almendra marcona Hacendado frita con sal,2.95,0.125,2025-10-25 08:17:47
34921,Almendra molida Hacendado,2.15,0.125,2025-10-25 08:39:13
34865,Almendra natural Hacendado,2.5,0.2,2025-10-25 08:17:39
23575,Almendra natural Hacendado sin piel,3.05,0.2,2025-10-25 08:17:48
52928,Almendra palitos Hacendado,1.85,0.1,2025-10-25 08:39:16
34014,Almendra tostada Hacendado 0% sal añadida con piel,2.95,0.2,2025-10-25 08:17:44
11960,Almendra tostada y salada Hacendado con piel,2.4,0.2,2025-10-25 08:17:42
33136,Altramuces Hacendado,1.75,0.69,2025-10-25 08:17:34
5124,Alubia blanca Hacendado,2.45,1.0,2025-10-25 08:18:24
26019,Alubia cocida blanca Hacendado,0.8,0.57,2025-10-25 08:18:22
26028,Alubia cocida blanca Hacendado,0.7,0.295,2025-10-25 08:18:23
26002,Alubia cocida granja Hacendado,1.75,0.57,2025-10-25 08:18:24
26001,Alubia cocida pinta Hacendado,1.25,0.57,2025-10-25 08:18:23
26000,Alubia cocida roja Hacendado,1.25,0.57,2025-10-25 08:18:23
67608,Alubia negra Hacendado,2.5,1.0,2025-10-25 08:18:24
5128,Alubia pinta Hacendado,2.4,1.0,2025-10-25 08:18:25
67609,Alubia roja Hacendado,3.2,1.0,2025-10-25 08:18:24
26114,Alubias a la jardinera Hacendado,1.2,0.42,2025-10-25 08:39:52
26138,Alubias con tomate Heinz,1.5,0.415,2025-10-25 08:39:54
79425,Ambientador coche Bali Bosque Verde,1.85,1.0,2025-10-25 08:33:54
79447,Ambientador coche Exótico Bosque Verde,1.85,1.0,2025-10-25 08:33:54
79446,Ambientador coche Frutos Silvestres Bosque Verde,1.85,1.0,2025-10-25 08:33:54
79448,Ambientador coche Marine Bosque Verde,1.85,1.0,2025-10-25 08:33:54
43058,Ambientador lavavajillas Limón Bosque Verde,1.5,1.0,2025-10-25 08:34:37
72873,Ambientador líquido concentrado Foresan deluxe,1.7,0.125,2025-10-25 08:33:58
72734,Ambientador perlas Lima Bosque Verde,1.45,1.0,2025-10-25 08:33:57
72733,Ambientador perlas Tiernos Recuerdos Bosque Verde,1.45,1.0,2025-10-25 08:33:56
8876,Ambientador Spa armarios y cajones Bosque Verde,1.75,1.0,2025-10-25 08:33:58
60629,Ambientador spray Colonia Bosque Verde,1.15,0.3,2025-10-25 08:33:47
40159,Ambientador spray de tejidos Elixir Floral Bosque Verde,2.15,0.4,2025-10-25 08:33:46
14256,Ambientador spray Essence Bosque Verde,1.15,0.3,2025-10-25 08:33:47
60707,Ambientador spray Fresh Bosque Verde,1.15,0.3,2025-10-25 08:33:45
13040,Ambientador spray Red Elixir Bosque Verde,1.15,0.3,2025-10-25 08:33:47
72537,Ambientador spray Ropa Limpia Bosque Verde,1.15,0.3,2025-10-25 08:33:45
67997,Ambientador spray Sweet Blossom Bosque Verde,1.15,0.3,2025-10-25 08:33:45
13295,Ambientador Talco armarios y cajones Bosque Verde,1.75,1.0,2025-10-25 08:33:59
13788,Ambientador varitas Bambú Bosque Verde,2.1,0.04,2025-10-25 08:33:55
13789,Ambientador varitas Frambuesa Bosque Verde,2.1,0.04,2025-10-25 08:33:55
13780,Ambientador varitas Fruta Tropical Bosque Verde,2.1,0.04,2025-10-25 08:33:56
13055,Ambientador varitas Magnolia Bosque Verde,2.1,0.04,2025-10-25 08:33:56
13056,Ambientador varitas Pistacho Bosque Verde,2.1,0.04,2025-10-25 08:33:59
43802,Amoníaco con detergente Bosque Verde,0.95,1.5,2025-10-25 08:34:06
43813,Amoníaco muy fuerte Bosque Verde con detergente,1.25,0.75,2025-10-25 08:34:06
43818,Amoníaco perfumado Bosque Verde,0.75,1.5,2025-10-25 08:34:05
46885,Ampollas faciales spray flash Tensor Effect Deliplus Sisbela Reafirm,2.5,0.004,2025-10-25 08:29:18
50321,Ampollas faciales Ácido Hialurónico Hidrata Deliplus concentrado,3.5,0.014,2025-10-25 08:29:18
35614,Ampollas tratamiento intensivo Repara & Protege Pantene cabello dañado,3.9,0.045,2025-10-25 08:27:46
34027,Anacardo frito salado Hacendado,2.8,0.2,2025-10-25 08:17:41
23365,Anacardo natural Hacendado,2.8,0.2,2025-10-25 08:17:41
87254,Anguila troceada,9.74,0.33,2025-10-25 08:37:08
63163,Anillas de pota a la romana Hacendado ultracongeladas,5.25,0.5,2025-10-25 08:36:45
24249,Anillas de pota Argentina Hacendado congeladas,5.75,,2025-10-25 08:36:48
28397,Anís seco Cassalla Cerveró,11.75,1.0,2025-10-25 08:20:52
28334,Anís seco Limiñana,10.2,1.0,2025-10-25 08:20:54
28311,Anís seco Tenis,12.3,1.0,2025-10-25 08:20:53
28356,Aperitivo Aperol,13.65,0.7,2025-10-25 08:20:39
28494,Aperitivo de café Cerol,6.25,1.0,2025-10-25 08:20:40
8953,Aperitivo de patata con sabor a nata agria y cebolla,1.85,0.175,2025-10-25 08:18:04
33556,Aperitivo de patata sabor crema agria y cebolla Pringles,1.99,0.165,2025-10-25 08:18:02
33555,Aperitivo de patata sabor original Pringles,1.99,0.165,2025-10-25 08:18:02
69245,Apio cortado lavado,1.16,0.21,2025-10-25 08:32:21
69275,Apio verde,1.32,0.66,2025-10-25 08:32:21
35735,Apósitos hidrocoloides adhesivos para ampollas y rozaduras Deliplus surtidos,4.3,1.0,2025-10-25 08:31:24
7894,Apósitos infantiles Tattoo Deliplus,1.6,1.0,2025-10-25 08:31:27
40583,Arcos dentales para higiene interdental Deliplus,1.8,1.0,2025-10-25 08:30:10
13658,Arena para gato aglomerante Nuske perfumada,3.75,5.0,2025-10-25 08:37:23
90080,Arena para gato antibacterias Nuske,1.5,5.0,2025-10-25 08:37:23
90947,Arena para gato de perlas sílice Single,3.55,4.0,2025-10-25 08:37:24
63238,Aritos de surimi a la romana Hacendado ultracongelados,3.3,0.6,2025-10-25 08:36:42
23173,Aritos perro adulto y sénior Compy,8.3,4.0,2025-10-25 08:37:32
32524,Aroma de vainilla Hacendado,2.0,0.15,2025-10-25 08:38:17
15757,Aros de maíz Hacendado,0.85,0.12,2025-10-25 08:18:11
87786,Arreglo de marisco pelado,9.18,0.45,2025-10-25 08:36:23
3556,Arreglo para arroz al horno,6.0,0.76,2025-10-25 08:22:03
88180,Arreglo para paella con pollo y conejo,6.86,0.94,2025-10-25 08:22:06
3497,"Arreglo para puchero vacuno, cerdo y pollo",7.22,1.11,2025-10-25 08:22:03
5002,Arroz basmati aromático Hacendado,2.2,1.0,2025-10-25 08:18:18
5025,Arroz bomba Hacendado,5.1,1.0,2025-10-25 08:18:17
19866,Arroz campestre con pollo Hacendado ultracongelado,2.0,0.35,2025-10-25 08:25:25
22280,Arroz cocido basmati Sabroz,1.15,0.25,2025-10-25 08:39:41
22281,Arroz cocido integral Sabroz,1.1,0.25,2025-10-25 08:39:41
22279,Arroz cocido redondo Sabroz,1.1,0.25,2025-10-25 08:39:42
68354,Arroz con leche Hacendado,1.35,0.52,2025-10-25 08:40:17
12756,Arroz con verduras para microondas Hacendado ultracongelado,2.0,0.8,2025-10-25 08:25:25
22767,Arroz de secreto ibérico con setas Hacendado,3.0,0.28,2025-10-25 08:39:42
60621,Arroz de verduras Hacendado,3.5,0.28,2025-10-25 08:39:42
5184,Arroz integral largo Hacendado,1.65,1.0,2025-10-25 08:18:19
5063,Arroz largo Hacendado,1.35,1.0,2025-10-25 08:18:16
12972,Arroz largo Sabroz,1.1,0.25,2025-10-25 08:18:20
35541,Arroz negro Hacendado ultracongelado,3.0,0.6,2025-10-25 08:25:25
61302,Arroz para microondas Hacendado ultracongelado,2.0,1.0,2025-10-25 08:25:24
5044,Arroz redondo Hacendado,1.3,1.0,2025-10-25 08:18:15
5042,Arroz redondo J Sendra Hacendado,1.6,1.0,2025-10-25 08:18:18
5000,Arroz redondo La Fallera,1.69,1.0,2025-10-25 08:18:16
52637,Arroz redondo Sabor,2.45,1.0,2025-10-25 08:18:20
86905,Arroz tres delicias Hacendado ultracongelado,2.85,1.0,2025-10-25 08:25:24
5020,Arroz vaporizado Hacendado,1.65,1.0,2025-10-25 08:18:19
5501,Arándanos,3.35,0.225,2025-10-25 08:31:43
5507,Arándanos,6.85,0.5,2025-10-25 08:31:43
34605,Arándanos deshidratados Hacendado,2.3,0.2,2025-10-25 08:17:58
61093,Arándanos enteros Hacendado ultracongelados,2.15,0.3,2025-10-25 08:26:31
18018,Atún claro al natural Hacendado,4.2,0.48,2025-10-25 08:26:52
18055,Atún claro en aceite de girasol Hacendado,4.3,0.48,2025-10-25 08:26:50
18092,Atún claro en aceite de girasol Hacendado,2.7,0.24,2025-10-25 08:26:50
18002,Atún claro en aceite de oliva Hacendado,4.9,0.48,2025-10-25 08:26:51
18071,Atún claro en aceite de oliva Hacendado,1.55,0.111,2025-10-25 08:26:51
18054,Atún claro en aceite de oliva Hacendado,3.7,0.195,2025-10-25 08:26:53
18031,Atún claro en escabeche blanco Hacendado,4.7,0.48,2025-10-25 08:26:52
18086,Atún en aceite de girasol Hacendado,6.5,0.9,2025-10-25 08:26:49
18030,Atún en aceite de oliva Hacendado,7.7,0.9,2025-10-25 08:26:50
18037,Atún en salsa de tomate Hacendado,2.1,0.24,2025-10-25 08:26:53
34164,Avellana natural Hacendado,3.25,0.2,2025-10-25 08:17:48
34025,Avellana tostada Hacendado 0% sal añadida,5.65,0.2,2025-10-25 08:17:42
16807,Avena molida Hacendado,1.15,0.5,2025-10-25 08:23:17
8370,Azafrán hebra Hacendado,1.85,0.0004,2025-10-25 08:15:47
34116,Azafrán molido Hacendado,1.8,0.0004,2025-10-25 08:15:47
19837,Azúcar blanco en sobres Hacendado,1.55,0.35,2025-10-25 08:18:47
19897,Azúcar blanco Hacendado,1.0,1.0,2025-10-25 08:18:46
35649,Azúcar glas Hacendado,2.6,0.5,2025-10-25 08:18:48
22349,Azúcar moreno de caña Hacendado,2.0,1.0,2025-10-25 08:18:47
19832,Azúcar moreno en sobres Hacendado,1.75,0.35,2025-10-25 08:18:47
32525,Azúcar vainillado Hacendado,1.3,0.12,2025-10-25 08:39:14
81204.1,Bacalao a rodajas,29.21,2.54,2025-10-25 08:36:58
81204.2,Bacalao abierto en libro sin cabeza y sin espina,29.21,2.54,2025-10-25 08:36:58
13787,Bacalao ahumado Hacendado en aceite de girasol,3.45,0.11,2025-10-25 08:37:13
87211,Bacalao al punto de sal descongelado,9.0,0.45,2025-10-25 08:36:59
81204.3,Bacalao media pieza a rodajas,14.38,1.25,2025-10-25 08:36:58
81204.4,Bacalao media pieza abierto en libro sin cabeza y sin espina,14.38,1.25,2025-10-25 08:36:59
59163,Bacón ahumado La Selva lonchas,2.3,0.21,2025-10-25 08:23:59
59160,Bacón ahumado sin corteza La Selva,3.0,0.3,2025-10-25 08:24:00
59066,Bacón Hacendado cintas,2.3,0.25,2025-10-25 08:23:59
53500,Bacón Oscar Mayer lonchas,2.4,0.15,2025-10-25 08:24:00
5827,Baguette,0.57,0.25,2025-10-25 08:38:24
82753,Baguette sin gluten,2.03,0.175,2025-10-25 08:38:24
3824,Banana,0.26,0.19,2025-10-25 08:31:29
79673,Bandas adhesivas fijación fuerte color beige Deliplus para cortar,1.5,1.0,2025-10-25 08:31:20
74081,Bandas de cera especial piernas Deliplus piel sensible,1.4,1.0,2025-10-25 08:29:22
74079,Bandas de cera facial Deliplus piel sensible,1.1,1.0,2025-10-25 08:29:22
49632,Bandeja de cartón rectangular Bosque Verde,2.35,4.0,2025-10-25 08:34:51
22154,Banderillas dulces Hacendado,1.7,0.345,2025-10-25 08:17:33
60320,"Banderillas Gildas Hacendado pinchos de aceituna, anchoa y guindilla",2.3,0.125,2025-10-25 08:17:33
33235,Banderillas picantes Hacendado,1.7,0.345,2025-10-25 08:17:32
14241,Barquillos con crema de avellanas Hacendado,1.5,0.25,2025-10-25 08:23:38
14239,Barquillos rellenos con crema de cacao Hacendado,0.95,0.175,2025-10-25 08:23:35
14136,Barquillos rellenos de nata Hacendado 0% azúcares añadidos,1.1,0.21,2025-10-25 08:23:36
14576,Barquillos rellenos sabor nata Hacendado,1.0,0.21,2025-10-25 08:23:35
64214,"Barra de helado sabor vainilla, chocolate y nata Hacendado",1.9,1.0,2025-10-25 08:25:50
83202.1,Barra de pan,0.5,0.25,2025-10-25 08:38:23
82830.1,Barra de pan campesina masa madre,0.65,0.25,2025-10-25 08:38:24
82830.2,Barra de pan campesina masa madre rebanada,0.65,0.25,2025-10-25 08:38:34
86610.1,Barra de pan espiga,1.04,0.4,2025-10-25 08:38:26
86610.2,Barra de pan espiga rebanado,1.04,0.4,2025-10-25 08:38:35
83202.2,Barra de pan rebanada,0.5,0.25,2025-10-25 08:38:33
83560,Barra de pan tradicional,1.28,0.7,2025-10-25 08:38:39
83231.1,Barra pan de aceite de oliva,0.57,0.2,2025-10-25 08:38:24
83231.2,Barra pan de aceite de oliva rebanada,0.57,0.2,2025-10-25 08:38:33
9660.1,Barra pan de agua,0.94,0.24,2025-10-25 08:38:25
9660.2,Barra pan de agua rebanada,0.94,0.24,2025-10-25 08:38:34
23086.1,Barra pan de pueblo,1.58,0.8,2025-10-25 08:38:26
23086.2,Barra pan de pueblo rebanada,1.58,0.8,2025-10-25 08:38:35
86464,"Barreño ovalado 8,7L Bosque Verde",2.2,1.0,2025-10-25 08:35:09
19867,Barrita con proteínas Enervit Sport sabor chocolate con leche,3.95,0.18,2025-10-25 08:23:23
9445,Barritas con proteínas Enervit Sport sabor coco y chocolate,3.5,0.12,2025-10-25 08:31:11
14550,Barritas crujientes Caocream Hacendado rellenas de galleta de cacao,1.7,0.1115,2025-10-25 08:19:20
14510,Barritas crujientes Hacendado recubiertas de chocolate con leche,1.8,0.1125,2025-10-25 08:19:19
14713,Barritas de avena Crunchy Nature Valley con chocolate negro,1.95,0.21,2025-10-25 08:23:23
8978,Barritas de barquillo Hacendado con relleno de avellana cubiertas de chocolate con leche,1.8,0.123,2025-10-25 08:19:17
12526,Barritas de barquillo Huesitos bañadas de chocolate con leche,2.8,0.2,2025-10-25 08:19:13
12510,Barritas de barquillo Kit-Kat bañadas de chocolate con leche,3.75,0.2075,2025-10-25 08:19:13
14500,"Barritas de barquillo Meivel rellenas de turrón Viena, cacahuete y sabor a limón",2.55,0.18,2025-10-25 08:19:14
52493,Barritas de cereales con frutos secos Hacendado,1.65,0.15,2025-10-25 08:23:21
13052,Barritas de cereales con galleta animada Hacendado,1.55,0.12,2025-10-25 08:23:22
9350,Barritas de cereales Hacendado chocolate con leche,1.55,0.12,2025-10-25 08:23:20
73249,Barritas de cereales Hacendado con chocolate blanco,1.55,0.127,2025-10-25 08:23:20
7975,Barritas de cereales Hacendado sabor mango,1.65,0.12,2025-10-25 08:23:22
9349,Barritas de cereales muesli Hacendado con chocolate,1.55,0.138,2025-10-25 08:23:21
12171,Barritas de chocolate con leche Hacendado rellenas de leche,2.2,0.2,2025-10-25 08:19:13
35917,Barritas de espelta Hacendado sabor manzana,1.55,0.12,2025-10-25 08:23:21
38111,Barritas de fruta y miel para canarios Natura,1.85,0.09,2025-10-25 08:37:42
38145,Barritas de fruta y miel para periquitos Natura,1.85,0.09,2025-10-25 08:37:42
14133,Barritas de galleta bañadas en chocolate con leche Chips Ahoy,1.5,0.14,2025-10-25 08:23:33
52494,Barritas de galleta rellenas de arándanos Hacendado,1.55,0.125,2025-10-25 08:23:22
12540,Barritas de galleta y caramelo Hacendado bañadas de chocolate con leche,1.85,0.2,2025-10-25 08:19:15
52442,"Barritas Peanuts Hacendado bañadas de chocolate con leche y rellenas con caramelo, cacahuetes tostados y crema azucarada",1.95,0.216,2025-10-25 08:19:18
63648,Bases de pizza artesanas extrafinas y crujientes Hacendado ultracongeladas,1.8,0.42,2025-10-25 08:39:35
63606,Bases de pizza sin gluten sin lactosa Hacendado ultracongeladas,3.8,0.4,2025-10-25 08:39:35
52856,Bastoncillos algodón para bebés Deliplus,1.05,60.0,2025-10-25 08:20:00
79007,Bastoncillos de algodón 100% Deliplus,0.9,200.0,2025-10-25 08:31:19
15287,Bastones de batata Hacendado ultracongelada,2.65,0.75,2025-10-25 08:26:48
69239,Batata,0.96,0.41,2025-10-25 08:32:00
69465,Batatas para microondas,2.5,0.4,2025-10-25 08:32:27
23050,Batido de chocolate 90% leche Hacendado,1.45,1.0,2025-10-25 08:33:00
10055,Batido de chocolate 90% leche Hacendado,1.75,1.2,2025-10-25 08:33:00
10043,Batido de chocolate 90% leche Puleva,2.8,1.2,2025-10-25 08:33:01
10066,Batido de chocolate ColaCao Energy,2.75,0.752,2025-10-25 08:33:01
10050,Batido de chocolate Hacendado,1.55,1.2,2025-10-25 08:32:59
23049,Batido de chocolate Hacendado,1.3,1.0,2025-10-25 08:33:00
22967,Batido de chocolate Hacendado 0% sin azúcares añadidos,1.85,1.2,2025-10-25 08:33:03
10051,Batido de vainilla Hacendado,1.55,1.2,2025-10-25 08:33:02
86418,Batido lácteo sabor chocolate +Proteínas Hacendado 30 g proteínas,1.3,0.33,2025-10-25 08:40:36
86419,Batido lácteo sabor vainilla +Proteínas Hacendado 30 g proteínas,1.3,0.33,2025-10-25 08:40:37
23051,Batido sabor fresa Hacendado,1.3,1.0,2025-10-25 08:33:02
10054,Batido sabor fresa Hacendado,1.55,1.2,2025-10-25 08:33:02
23052,Batido sabor vainilla Hacendado,1.3,1.0,2025-10-25 08:33:01
22825,Bayeta cristales y espejos Bosque Verde microfibra,0.85,1.0,2025-10-25 08:33:34
71033,Bayeta grande Bosque Verde microfibra,1.75,1.0,2025-10-25 08:33:34
22774,Bayeta pequeña Bosque Verde microfibra,1.6,1.0,2025-10-25 08:33:34
60620,Bayeta polvo Bosque Verde microfibra,0.9,1.0,2025-10-25 08:33:35
71044,Bayeta suave multiusos Bosque Verde,1.2,1.0,2025-10-25 08:33:33
23107,"Bebida 0,0% sin alcohol Tanqueray",14.65,0.7,2025-10-25 08:20:42
39224,Bebida 5 frutas Hacendado sin azúcares añadidos,1.75,1.2,2025-10-25 08:40:56
13939,Bebida aromatizada a base de vino cocktail maracuyá Casón Histórico,2.5,1.5,2025-10-25 08:21:03
39109,Bebida Bahamas Hacendado,1.4,2.0,2025-10-25 08:40:55
13955,Bebida cider con gas Spieler sabor a manzana,4.74,1.5,2025-10-25 08:20:31
13956,Bebida cider con gas Spieler sabor a manzana,0.79,0.25,2025-10-25 08:20:31
23925,Bebida de almendras 0% azúcar Hacendado,7.2,6.0,2025-10-25 08:32:52
23926,Bebida de almendras 0% azúcar Hacendado,1.2,1.0,2025-10-25 08:32:53
15647,Bebida de almendras con calcio Hacendado,7.2,6.0,2025-10-25 08:32:54
15648,Bebida de almendras con calcio Hacendado,1.2,1.0,2025-10-25 08:32:54
23048,Bebida de arroz sin azúcares añadidos Hacendado,6.6,6.0,2025-10-25 08:32:53
23047,Bebida de arroz sin azúcares añadidos Hacendado,1.1,1.0,2025-10-25 08:32:53
39627,Bebida de arándanos y frutas rojas Hacendado sin azúcares añadidos,1.65,1.0,2025-10-25 08:40:56
13849,Bebida de avellana y arroz sin azúcares añadidos Hacendado,7.8,6.0,2025-10-25 08:32:56
13848,Bebida de avellana y arroz sin azúcares añadidos Hacendado,1.3,1.0,2025-10-25 08:32:56
23908,Bebida de avena Alitey,5.7,6.0,2025-10-25 08:32:49
23912,Bebida de avena Alitey,0.95,1.0,2025-10-25 08:32:50
23046,Bebida de avena Alitey,1.5,0.75,2025-10-25 08:32:50
10688,Bebida de avena con café Hacendado,0.9,0.25,2025-10-25 08:32:56
86168,Bebida de avena con calcio sin azúcares añadidos Hacendado,7.2,6.0,2025-10-25 08:32:50
86167,Bebida de avena con calcio sin azúcares añadidos Hacendado,1.2,1.0,2025-10-25 08:32:51
52633,Bebida de avena con chocolate sin azucares añadidos Hacendado,7.5,6.0,2025-10-25 08:32:58
52634,Bebida de avena con chocolate sin azúcares añadidos Hacendado,1.25,1.0,2025-10-25 08:32:58
60926,Bebida de avena con chocolate sin azúcares añadidos Hacendado,1.6,0.75,2025-10-25 08:32:58
52639,Bebida de avena Hacendado 0% azúcar,4.5,6.0,2025-10-25 08:32:57
52640,Bebida de avena Hacendado 0% azúcar,0.75,1.0,2025-10-25 08:32:58
13847,Bebida de coco y arroz sin azúcares añadidos Hacendado,9.0,6.0,2025-10-25 08:32:55
13846,Bebida de coco y arroz sin azúcares añadidos Hacendado,1.5,1.0,2025-10-25 08:32:55
39640,Bebida de frutas rojas antioxidante Hacendado sin azúcares añadidos,1.75,1.0,2025-10-25 08:40:57
60588,Bebida de mango Hacendado sin azúcares añadidos,1.25,1.0,2025-10-25 08:41:08
8247,Bebida de melocotón Hacendado sin azúcares añadidos,1.0,1.0,2025-10-25 08:41:00
8248,Bebida de melocotón Hacendado sin azúcares añadidos,1.5,1.2,2025-10-25 08:41:00
8790,Bebida de naranja Hacendado sin azúcares añadidos,1.05,1.0,2025-10-25 08:41:05
8791,Bebida de naranja Hacendado sin azúcares añadidos,1.85,1.2,2025-10-25 08:41:06
39119,Bebida de piña Hacendado sin azúcares añadidos,1.0,1.0,2025-10-25 08:41:01
39106,Bebida de piña Hacendado sin azúcares añadidos,1.5,1.2,2025-10-25 08:41:01
39604,Bebida de pomelo Hacendado sin azúcares añadidos,1.25,1.0,2025-10-25 08:41:09
29322,Bebida de soja 0% azúcar Hacendado,4.5,6.0,2025-10-25 08:32:52
29314,Bebida de soja 0% azúcar Hacendado,0.75,1.0,2025-10-25 08:32:52
13681,Bebida de soja con calcio y vitaminas Hacendado,3.9,6.0,2025-10-25 08:32:51
13682,Bebida de soja con calcio y vitaminas Hacendado,0.65,1.0,2025-10-25 08:32:52
14346,Bebida de soja sabor café 0% azúcar,1.25,1.0,2025-10-25 08:32:59
14345,Bebida de soja sabor café 0% azúcar,7.5,6.0,2025-10-25 08:32:59
67950,Bebida de soja sabor vainilla Hacendado 0% azúcar,6.6,6.0,2025-10-25 08:32:57
67949,Bebida de soja sabor vainilla Hacendado 0% azúcar,1.1,1.0,2025-10-25 08:32:57
39650,"Bebida de zumo de naranja, mango y zanahoria La Verja sin azúcares añadidos",1.8,1.5,2025-10-25 08:40:56
28266,Bebida energética Energy Drink Hacendado,1.6,1.5,2025-10-25 08:16:42
28263,Bebida energética Energy Drink Hacendado,2.4,1.5,2025-10-25 08:16:43
28264,Bebida energética Energy Drink Hacendado,0.4,0.25,2025-10-25 08:16:43
5564,Bebida energética Energy Drink Zero Hacendado,2.4,1.5,2025-10-25 08:16:40
28664,Bebida energética energy Monster,5.36,2.0,2025-10-25 08:16:42
28016,Bebida energética Energy Monster,1.45,0.5,2025-10-25 08:16:42
28670,Bebida energética Energy Ultra zero Monster,5.36,2.0,2025-10-25 08:16:41
28119,Bebida energética Energy Ultra zero Monster,1.45,0.5,2025-10-25 08:16:41
15318,Bebida energética Furious Energy drink Hacendado,0.5,0.25,2025-10-25 08:16:45
13815,Bebida energética Mango Loco Monster,5.36,2.0,2025-10-25 08:16:45
13814,Bebida energética Mango Loco Monster,1.45,0.5,2025-10-25 08:16:45
29365,Bebida energética original Burn,4.6,2.0,2025-10-25 08:16:44
27913,Bebida energética original Burn,1.25,0.5,2025-10-25 08:16:44
8870,Bebida energética Red Bull,7.92,1.5,2025-10-25 08:16:43
27905,Bebida energética Red Bull,1.59,0.25,2025-10-25 08:16:44
13976,Bebida energética Zero Full Tropic Energy drink,1.0,0.5,2025-10-25 08:16:47
60603,Bebida energética Zero Furious Hacendado Energy drink,1.0,0.5,2025-10-25 08:16:46
27944,Bebida energética Zero Hacendado,0.4,0.25,2025-10-25 08:16:41
12854,Bebida energética Zero Katrine Energy drink Hacendado,1.0,0.5,2025-10-25 08:16:47
13978,Bebida energética Zero Sunset Energy drink Hacendado,1.0,0.5,2025-10-25 08:16:47
14452,Bebida espirituosa centenario Terry,7.1,0.7,2025-10-25 08:20:45
60697,Bebida espirituosa Convidado de Baco,4.3,0.7,2025-10-25 08:20:44
39127,Bebida Florida Hacendado,1.4,2.0,2025-10-25 08:41:05
27759,Bebida Florida Sunny Delight,1.95,1.25,2025-10-25 08:17:22
28688,Bebida isotónica de naranja Iso drink,1.0,1.5,2025-10-25 08:16:39
28690,Bebida isotónica de naranja Iso drink,2.7,1.98,2025-10-25 08:16:39
28689,Bebida isotónica de naranja Iso drink,0.45,0.33,2025-10-25 08:16:39
29410,Bebida isotónica Iso On blue Hacendado,1.55,1.5,2025-10-25 08:16:39
29080,Bebida isotónica Iso On blue Hacendado,0.7,0.5,2025-10-25 08:16:40
29608,Bebida isotónica limón Aquarius,1.99,1.5,2025-10-25 08:16:35
29605,Bebida isotónica limón Aquarius,7.12,2.64,2025-10-25 08:16:36
29625,Bebida isotónica limón Aquarius,0.95,0.33,2025-10-25 08:16:36
29612,Bebida isotónica limón Aquarius zero azúcar,1.99,1.5,2025-10-25 08:16:38
29609,Bebida isotónica naranja Aquarius,1.99,1.5,2025-10-25 08:16:37
29604,Bebida isotónica naranja Aquarius,7.12,2.64,2025-10-25 08:16:38
29624,Bebida isotónica naranja Aquarius,0.95,0.33,2025-10-25 08:16:38
28576,Bebida isotónica sabor cítrico Iso drink,1.0,1.5,2025-10-25 08:16:36
28575,Bebida isotónica sabor cítrico Iso drink,2.7,1.98,2025-10-25 08:16:37
28574,Bebida isotónica sabor cítrico Iso drink,0.45,0.33,2025-10-25 08:16:37
11509,Bebida isotónica sabor cítrico Iso drink zero,1.0,1.5,2025-10-25 08:16:40
15664,Bebida Kéfir de coco Hacendado,1.1,0.25,2025-10-25 08:40:42
52750,Bebida Kéfir de fresa y plátano Hacendado,0.85,0.25,2025-10-25 08:40:42
15662,Bebida Kéfir natural Hacendado 0% m.g,0.85,0.25,2025-10-25 08:40:42
10820,Bebida láctea con cereales crecimiento y desarrollo Puleva Max,11.34,6.0,2025-10-25 08:33:04
10781,Bebida láctea con cereales crecimiento y desarrollo Puleva Max,1.89,1.0,2025-10-25 08:33:04
10726,Bebida láctea crecimiento y desarrollo Puleva Max,10.74,6.0,2025-10-25 08:33:03
10723,Bebida láctea crecimiento y desarrollo Puleva Max,1.79,1.0,2025-10-25 08:33:03
22002,Bebida láctea de fresa Cuidacol 0% azúcares añadidos,2.5,0.8,2025-10-25 08:40:40
20941,Bebida láctea de fresa Danacol 0% azúcares añadidos,5.9,1.0,2025-10-25 08:40:41
20612,Bebida láctea de fresa Hacendado,1.4,1.0,2025-10-25 08:40:34
20627,Bebida láctea de fresa L-casei,2.25,1.2,2025-10-25 08:40:38
20658,Bebida láctea de fresa L-casei 0% m.g 0% azúcares añadidos,1.55,0.6,2025-10-25 08:40:39
20613,Bebida láctea de fresa y plátano Hacendado,1.4,1.0,2025-10-25 08:40:34
9982,Bebida láctea de frutas del bosque Hacendado,1.4,1.0,2025-10-25 08:40:35
20629,Bebida láctea de piña y coco Hacendado,1.4,1.0,2025-10-25 08:40:34
35847,Bebida láctea desnatada +Proteínas sabor açaí plátano Hacendado 0% m.g 20 g proteínas,1.15,0.28,2025-10-25 08:40:37
10845,Bebida láctea desnatada omega 3 Hacendado,7.02,6.0,2025-10-25 08:32:42
10846,Bebida láctea desnatada omega 3 Hacendado,1.17,1.0,2025-10-25 08:32:43
21333,Bebida láctea desnatada sabor fresa +Proteínas Hacendado 0% m.g 20 g proteínas,1.15,0.28,2025-10-25 08:40:36
12753,"Bebida láctea desnatada sabor fresa y plátano +Proteínas Hacendado 0% m.g 17,4 g proteínas",2.5,1.0,2025-10-25 08:40:38
21378,Bebida láctea desnatada sabor tropical +Proteínas Hacendado 0% m.g 20 g proteínas,1.15,0.28,2025-10-25 08:40:37
20738,Bebida láctea natural Actimel,5.99,1.2,2025-10-25 08:40:39
20709,Bebida láctea natural Actimel 0% m.g,5.99,1.2,2025-10-25 08:40:40
9981,Bebida láctea natural azucarada Hacendado,1.4,1.0,2025-10-25 08:40:36
22126,Bebida láctea natural azucarada L-casei,2.25,1.2,2025-10-25 08:40:39
22001,Bebida láctea natural Cuidacol 0% azúcares añadidos,2.5,0.8,2025-10-25 08:40:42
20940,Bebida láctea natural Danacol 0% azúcares añadidos,5.9,1.0,2025-10-25 08:40:41
20657,Bebida láctea natural L-casei 0% m.g 0% azúcares añadidos,1.55,0.6,2025-10-25 08:40:40
10146,Bebida láctea Omega 3 Puleva con leche desnatada,11.34,6.0,2025-10-25 08:32:41
10884,Bebida láctea Omega 3 Puleva con leche desnatada,1.89,1.0,2025-10-25 08:32:41
10281,Bebida láctea Omega 3 Puleva con nueces y leche desnatada,11.7,6.0,2025-10-25 08:32:43
10282,Bebida láctea Omega 3 Puleva con nueces y leche desnatada,1.95,1.0,2025-10-25 08:32:43
23053,Bebida láctea sabor canela y limón Hacendado,1.75,1.0,2025-10-25 08:33:08
20640,Bebida láctea sabores L-casei,2.25,1.2,2025-10-25 08:40:38
10814,Bebida láctea semidesnatada con fibra Hacendado,7.8,6.0,2025-10-25 08:32:36
10826,Bebida láctea semidesnatada con fibra Hacendado,1.3,1.0,2025-10-25 08:32:36
20942,Bebida láctea tropical Danacol 0% azúcares añadidos,5.9,1.0,2025-10-25 08:40:41
39651,Bebida multivitaminas Hacendado sin azúcares añadidos,1.0,1.0,2025-10-25 08:40:57
8802,Bebida preparada de ron sabor mojito La Recompensa Ice,1.3,0.275,2025-10-25 08:20:50
39488,Bebida refrescante aromatizada tinto sin alcohol light Castillo de Salobreña,1.6,1.0,2025-10-25 08:21:11
39606,Bebida tropical Hacendado sin azúcares añadidos,0.9,1.0,2025-10-25 08:40:56
28999,Bebida zumo de manzana El Lagar sin alcohol,2.4,0.75,2025-10-25 08:20:58
60988,Bechamel Hacendado,2.35,0.6,2025-10-25 08:33:15
18509,Berberecho al natural XS Hacendado,3.2,0.185,2025-10-25 08:27:00
81416,Berberechos,5.95,0.5,2025-10-25 08:36:31
18564,Berberechos al natural M Hacendado,4.25,0.111,2025-10-25 08:27:01
18553,Berberechos al natural S Hacendado,3.05,0.111,2025-10-25 08:27:01
69326,Berenjena,0.68,0.35,2025-10-25 08:32:18
69347,Berenjena rayada,0.83,0.37,2025-10-25 08:32:18
19958,Berenjenas de Almagro aliñada Antonio,3.59,0.68,2025-10-25 08:17:38
84785,Berlina al cacao,1.55,0.24,2025-10-25 08:37:46
20354,Berlina con cobertura y trozos de pistacho rellena de crema sabor pistacho,1.25,0.09,2025-10-25 08:37:51
84710,Berlina glacé,1.35,0.2,2025-10-25 08:37:46
79715,Biberón 150 ml tetina silicona flujo lento Deliplus +0 meses,3.3,1.0,2025-10-25 08:19:55
79470,Biberón 360 ml tetina silicona tres posiciones Deliplus +1 mes,3.8,1.0,2025-10-25 08:19:55
29007,Bicarbonato de sódio Hacendado,1.45,1.0,2025-10-25 08:15:39
29006,Bicarbonato de sódio Hacendado,1.1,0.3,2025-10-25 08:15:40
28408,Bitter Campari,15.5,0.7,2025-10-25 08:20:39
19876,Bitter Kas sin alcohol,7.84,2.64,2025-10-25 08:17:14
28435,Bitter Kas sin alcohol,0.99,0.33,2025-10-25 08:17:15
14443,Bizcocho azúcar sin gluten,2.8,0.3,2025-10-25 08:37:51
9965,Bizcocho con azúcar moreno y nueces,3.3,0.4,2025-10-25 08:37:49
85786,Bizcocho con baño de cacao Hacendado,0.37,0.068,2025-10-25 08:38:06
15197,Bizcocho con pistacho,4.1,0.42,2025-10-25 08:37:50
12809,Bizcocho de cacao,3.1,0.41,2025-10-25 08:37:49
82744,Bizcocho de chocolate sin gluten Hacendado,2.2,0.2,2025-10-25 08:38:03
84736,Bizcocho de chocolate sin gluten y sin lactosa,3.1,0.3,2025-10-25 08:37:50
83995,Bizcocho de yogur Hacendado,3.35,0.8,2025-10-25 08:37:45
15165,Bizcocho Hacendado,1.75,0.29,2025-10-25 08:38:06
23372,Bizcochos de huevo Hacendado,1.65,0.4,2025-10-25 08:38:02
82099,Bizcochos Hacendado,1.75,0.3,2025-10-25 08:38:02
52171,Bloc foie gras de pato Hacendado,5.25,0.1,2025-10-25 08:24:41
82098,Bocaditos bañados al cacao Hacendado,2.15,0.5,2025-10-25 08:37:59
70705,Bocaditos en gelatina gato adulto Delikuit,2.3,0.8,2025-10-25 08:37:16
70704,Bocaditos en gelatina gato adulto Delikuit,2.3,0.8,2025-10-25 08:37:17
22007,Bocaditos en gelatina gato júnior Delikuit con pollo y pavo,2.5,0.8,2025-10-25 08:37:16
35732,Bocaditos en salsa gato adulto Delikuit esterilizado,2.75,0.8,2025-10-25 08:37:18
52710,"Bocaditos en salsa gato adulto Lechat Excellence con pollo, pavo y verduras",0.7,0.4,2025-10-25 08:37:15
52711,"Bocaditos en salsa gato adulto Lechat Excellence con salmón, trucha  y verduras",0.7,0.4,2025-10-25 08:37:15
9833,Bocaditos en salsa perro adulto Special Dog Excellence con salmón y verduras,1.65,1.23,2025-10-25 08:37:30
9832,"Bocaditos en salsa perro adulto Special Dog Excellence con ternera, hígado y verduras",1.65,1.23,2025-10-25 08:37:30
62380,Bogavante americano mediano crudo Hacendado,15.67,,2025-10-25 08:36:27
23189,Bol biodegradable Bosque Verde,2.0,15.0,2025-10-25 08:34:48
34046,"Bolas de cereal bañadas Hacendado de chocolate negro, con leche y blanco",2.65,0.2,2025-10-25 08:19:17
14469,Bolitas de coco Hacendado,1.9,0.24,2025-10-25 08:19:22
82609,Bollo con pepitas de chocolate Hacendado Choco Buns,1.65,0.25,2025-10-25 08:37:58
49750,Bolsa de basura Bosque Verde 30L cubo mediano,1.65,1.0,2025-10-25 08:35:01
12895,Bolsa de basura compostables Bosque Verde 10L cubo pequeño,2.3,1.0,2025-10-25 08:35:03
12896,Bolsa de basura cubo alto Bosque Verde 30L cubo mediano,2.75,1.0,2025-10-25 08:35:04
14466,Bolsa de basura envases Bosque Verde 30L cubo mediano,2.2,1.0,2025-10-25 08:35:02
12914,Bolsa de basura extra Bosque Verde 30L cubo mediano,2.15,1.0,2025-10-25 08:35:01
11967,Bolsa de basura grande Bosque Verde 50L cubo grande,2.1,1.0,2025-10-25 08:35:01
49703,Bolsa de basura jardín Bosque Verde 100L cubo industrial,2.65,1.0,2025-10-25 08:35:02
49704,Bolsa de basura mini Bosque Verde 10L cubo pequeño,1.35,1.0,2025-10-25 08:35:02
22985,Bolsa de basura mini Bosque Verde 5L cubo pequeño,1.3,1.0,2025-10-25 08:35:03
12897,Bolsa de basura saco Bosque Verde 100L cubo industrial,2.0,1.0,2025-10-25 08:35:03
2439,Bolsa de rafia,0.65,1.0,2025-10-25 08:34:46
15636,Bolsa isotérmica,1.9,1.0,2025-10-25 08:34:45
14456,Bolsas congelación grandes Bosque Verde,1.3,1.0,2025-10-25 08:34:45
49224,Bolsas congelación medianas Bosque Verde,0.85,1.0,2025-10-25 08:34:44
49760,Bolsas para residuos caninos Nuske Doggy bags,1.3,45.0,2025-10-25 08:37:38
15777,Bolsas reutilizables Bosque Verde,1.2,4.0,2025-10-25 08:34:46
49074,Bolsas zip congelación grandes Bosque Verde,1.3,1.0,2025-10-25 08:34:45
49073,Bolsas zip congelación medianas Bosque Verde,1.2,1.0,2025-10-25 08:34:45
52466,Bolsitas antipolillas Lavanda Bosque Verde,1.55,1.0,2025-10-25 08:33:42
35909,Bombones cereza al licor Hacendado con chocolate negro,2.2,0.15,2025-10-25 08:19:20
12471,Bombones delicias de avellana Delizze Hacendado,3.9,0.216,2025-10-25 08:19:21
18116,Bonito del norte en aceite de oliva Hacendado,3.3,0.222,2025-10-25 08:26:54
23122,Boquerones al vinagre Hacendado en aceite de girasol,5.6,0.33,2025-10-25 08:37:09
52451,Boquerones aliñados Hacendado,1.7,0.08,2025-10-25 08:37:12
80405,Boquerones en vinagre Hacendado en aceite de girasol,1.65,0.08,2025-10-25 08:37:09
81661.2,Boquerón limpio sin cabeza,1.39,0.2,2025-10-25 08:37:04
81661.1,Boquerón sin limpiar,1.39,0.2,2025-10-25 08:37:03
71314,Borrador mágico Bosque Verde,1.45,1.0,2025-10-25 08:33:32
1393,Botifarrón de carne,2.62,0.35,2025-10-25 08:22:46
28526,Brandy de Jerez solera gran reserva Convidado de Baco,10.2,0.7,2025-10-25 08:20:44
28525,Brandy de Jerez solera reserva Convidado de Baco,6.0,0.7,2025-10-25 08:20:44
14472,Brillo de labios Lip Gloss Deliplus 02 rosa medio con péptidos,4.5,0.01,2025-10-25 08:35:51
14917,Brillo de labios Lip Gloss Terra Deliplus 01 nude rosado,4.5,0.0055,2025-10-25 08:35:51
14918,Brillo de labios Lip Gloss Terra Deliplus 02 opal ciruela,4.5,0.0055,2025-10-25 08:35:52
35377,Brillo de labios Volumizer gloss Deliplus 01 transparente,5.0,0.004,2025-10-25 08:35:49
35378,Brillo de labios Volumizer gloss Deliplus 02 nude,5.0,0.004,2025-10-25 08:35:49
35379,Brillo de labios Volumizer gloss Deliplus 03 nude rosa,5.0,0.004,2025-10-25 08:35:50
35381,Brillo de labios Volumizer gloss Deliplus 05 rosa,5.0,0.004,2025-10-25 08:35:50
35382,Brillo de labios Volumizer gloss Deliplus 06 morado,5.0,0.004,2025-10-25 08:35:50
35383,Brillo de labios Volumizer gloss Deliplus 07 transparente con destellos,5.0,0.004,2025-10-25 08:35:51
13251,Brioche Listo para Comer,3.0,0.16,2025-10-25 08:39:23
35902,"Brochetas de pollo, pimiento verde y tocino de cerdo con varilla",3.11,0.37,2025-10-25 08:23:03
8320,Bronceador facial fluido Bronzer luminoso Deliplus 01,5.0,0.012,2025-10-25 08:35:33
86402,Bruma facial hidratante Mist Facial Clean con ácido hialurónico y niacinamida,3.5,0.1,2025-10-25 08:29:09
14460,Bruma facial hidratante Mist Posidonia Facial Clean con colágeno,3.5,0.1,2025-10-25 08:29:09
69580,Brócoli,1.27,0.47,2025-10-25 08:32:18
61261,Brócoli Hacendado ultracongelado,2.1,1.0,2025-10-25 08:26:40
62320,Buey de mar cocido Hacendado congelado,11.68,0.715,2025-10-25 08:36:27
3979,Burger americana gruesas,3.2,0.36,2025-10-25 08:22:53
4079,Burger Crunchy Chicken,2.0,0.24,2025-10-25 08:22:53
52672,Burger de cerdo,2.9,0.54,2025-10-25 08:22:50
8839,Burger de cordero al romero,3.7,0.24,2025-10-25 08:22:54
3976,Burger de pavo y espinacas,2.4,0.24,2025-10-25 08:22:52
2622,Burger de pollo,3.95,0.54,2025-10-25 08:22:51
86911,Burger de pollo gruesa,3.2,0.36,2025-10-25 08:22:51
8840,Burger de vaca madurada,2.9,0.18,2025-10-25 08:22:54
2873,Burger de vacuno,5.9,0.54,2025-10-25 08:22:50
3547,Burger de vacuno gruesas,4.8,0.36,2025-10-25 08:22:51
2872,Burger de vacuno y cerdo,4.5,0.54,2025-10-25 08:22:50
4155,Burger de vacuno y cerdo con jamón y cebolla caramelizada,2.8,0.24,2025-10-25 08:22:51
15269,Burgers vegetales Hacendado con calabaza,2.0,0.16,2025-10-25 08:39:56
51218,Burrata fresca Hacendado,2.3,0.25,2025-10-25 08:25:19
6044,Butifarra fresca,3.78,0.64,2025-10-25 08:22:47
35798,Bálsamo after shave Sensitive Deliplus con aloe vera y 0% alcohol,1.6,0.1,2025-10-25 08:28:41
73850,Bálsamo after shave Sensitive Nivea Men 0% alcohol,5.95,0.1,2025-10-25 08:28:40
35336,Bálsamo labial Color Balm Deliplus 07 nude rosa,4.5,1.0,2025-10-25 08:35:47
35337,Bálsamo labial Color Balm Deliplus 08 nude beige,4.5,1.0,2025-10-25 08:35:47
35338,Bálsamo labial Color Balm Deliplus 09 rosa medio perlado,4.5,1.0,2025-10-25 08:35:48
8291,Bálsamo labial Color Balm Deliplus 10 coral,4.5,1.0,2025-10-25 08:35:48
8292,Bálsamo labial Color Balm Deliplus 11 rosa,4.5,1.0,2025-10-25 08:35:48
8290,Bálsamo labial Color Balm Deliplus 12 frambuesa,4.5,1.0,2025-10-25 08:35:48
11663,Bálsamo labial Color Balm Deliplus 13 perlado,4.5,1.0,2025-10-25 08:35:49
76480,Bálsamo oriental efecto calor Deliplus con vitamina E,3.0,0.03,2025-10-25 08:31:23
22804,Bálsamo reparador labios Deliplus,2.6,0.015,2025-10-25 08:35:40
21377,Bífidus cremoso desnatado natural edulcorado Hacendado 0% m.g 0% sin azúcares añadidos,1.4,0.75,2025-10-25 08:40:08
21319,Bífidus cremoso desnatado Tropical Hacendado 0% m.g. 0% sin azúcares añadidos,1.3,0.5,2025-10-25 08:40:05
67977,Bífidus cremoso probiótico con coco Hacendado,1.3,0.5,2025-10-25 08:40:08
21329,Bífidus desnatado con nueces y cereales Hacendado 0% m.g.,1.3,0.5,2025-10-25 08:40:05
23477,Bífidus desnatado natural Activia 0% m.g.,3.3,0.96,2025-10-25 08:40:09
23476,Bífidus desnatado natural edulcorado Activia 0% m.g.,3.3,0.96,2025-10-25 08:40:09
21193,Bífidus desnatado natural Hacendado 0% m.g  0% sin azúcares añadidos,1.15,0.75,2025-10-25 08:40:08
21330,Bífidus desnatado probiótico con frutos silvestres Hacendado 0% m.g. 0% sin azúcares añadidos,1.3,0.5,2025-10-25 08:40:06
21318,Bífidus desnatado probiótico con kiwi Hacendado 0% m.g. 0% sin azúcares añadidos,1.3,0.5,2025-10-25 08:40:05
21331,Bífidus desnatado probiótico con pera Hacendado 0% m.g. 0% azúcares añadidos,1.3,0.5,2025-10-25 08:40:07
21332,Bífidus desnatado probiótico con piña Hacendado 0% m.g. 0% sin azúcares añadidos,1.3,0.5,2025-10-25 08:40:06
21307,Bífidus natural Hacendado,1.2,0.75,2025-10-25 08:40:09
20859,Bífidus natural probiótico azucarado Hacendado con cereales y fresas deshidratadas,1.15,0.17,2025-10-25 08:40:09
21336,"Bífidus natural probiótico Hacendado con coco, almendras y chocolate",1.2,0.18,2025-10-25 08:40:10
21327,Bífidus probiótico con cereales y fibras Hacendado,1.3,0.5,2025-10-25 08:40:06
21312,Bífidus probiótico con ciruelas pasas Hacendado,1.3,0.5,2025-10-25 08:40:07
21311,Bífidus probiótico con mango Hacendado,1.3,0.5,2025-10-25 08:40:07
59076,Cabecero de lomo Hacendado lonchas,2.3,0.125,2025-10-25 08:24:23
59364,Cabeza de cerdo finas lonchas Hacendado,1.7,0.15,2025-10-25 08:23:51
16862,Cabeza de cerdo trufa con pistachos Hacendado finas lonchas,2.25,0.15,2025-10-25 08:24:09
13738,Cacahuete +Proteínas en polvo desgrasado Hacendado 14 g proteínas 70% reducido en grasa,2.75,0.2,2025-10-25 08:39:15
34143,Cacahuete frito con miel Hacendado,1.65,0.2,2025-10-25 08:17:46
34820,Cacahuete frito con sal Hacendado pelado,1.0,0.25,2025-10-25 08:17:40
34868,Cacahuete frito y salado Hacendado con piel,1.3,0.25,2025-10-25 08:17:42
34016,Cacahuete tostado con sal Hacendado,1.65,0.4,2025-10-25 08:17:46
34031,Cacahuete tostado Hacendado 0% sal añadida,1.65,0.4,2025-10-25 08:17:43
13451,Cacahuete tostado Hacendado pelado 0% sal añadida,1.15,0.2,2025-10-25 08:17:52
12020,Cacahuetes Chocoiris Hacendado bañados de chocolate con leche coloreados,2.0,0.18,2025-10-25 08:19:15
12347,Cacahuetes Hacendado chocolate con leche,2.45,0.25,2025-10-25 08:19:15
12348,Cacahuetes Hacendado chocolate negro,2.45,0.25,2025-10-25 08:19:14
11609,Cacao en polvo a la taza Hacendado,1.85,0.4,2025-10-25 08:21:28
12017,Cacao en polvo a la taza Valor,4.1,0.5,2025-10-25 08:21:28
22580,Cacao puro en polvo La Chocolatera,4.95,0.265,2025-10-25 08:21:27
86469,Cacao soluble ColaCao original,16.99,2.5,2025-10-25 08:21:25
13021,Cacao soluble ColaCao original,7.0,0.76,2025-10-25 08:21:25
13019,Cacao soluble ColaCao original,4.4,0.383,2025-10-25 08:21:26
13037,Cacao soluble Hacendado,5.0,1.0,2025-10-25 08:21:27
13038,Cacao soluble Hacendado,2.8,0.5,2025-10-25 08:21:27
8911,Cacao soluble instantáneo Hacendado,4.7,1.0,2025-10-25 08:21:26
8914,Cacao soluble instantáneo Hacendado,2.8,0.5,2025-10-25 08:21:26
67739,Cacao soluble instantáneo Nesquik,16.4,2.7,2025-10-25 08:21:24
13204,Cacao soluble instantáneo Nesquik,6.95,1.0,2025-10-25 08:21:24
13216,Cacao soluble instantáneo Nesquik,3.95,0.39,2025-10-25 08:21:25
10666,Café con leche cappuccino Hacendado,0.85,0.25,2025-10-25 08:21:50
10672,Café con leche descafeinado Hacendado,0.85,0.25,2025-10-25 08:21:51
23405,Café con leche en cápsula descafeinado Hacendado,3.55,0.152,2025-10-25 08:21:35
11801,Café con leche en cápsula Dolce Gusto,4.95,0.16,2025-10-25 08:21:33
86348,Café con leche en cápsula Hacendado,3.55,0.1536,2025-10-25 08:21:33
11871,Café con leche en cápsula Tassimo,5.89,0.184,2025-10-25 08:21:38
10644,Café con leche espresso Hacendado,0.85,0.25,2025-10-25 08:21:51
10642,Café con leche light sin lactosa Hacendado,0.85,0.25,2025-10-25 08:21:50
67659,Café cortado en cápsula Hacendado,3.55,0.0928,2025-10-25 08:21:35
52775,Café en cápsula cappuccino Hacendado,3.55,0.1856,2025-10-25 08:21:36
13634,Café en cápsula classic Hacendado,3.55,0.112,2025-10-25 08:21:32
9847,Café en cápsula Colombia Hacendado,3.9,0.108,2025-10-25 08:21:30
11785,Café en cápsula cortado Dolce Gusto,4.95,0.1008,2025-10-25 08:21:34
11875,Café en cápsula cortado Tassimo,5.89,0.184,2025-10-25 08:21:37
13596,Café en cápsula descafeinado espresso Hacendado,3.95,0.104,2025-10-25 08:21:31
11869,Café en cápsula descafeinado espresso intenso Dolce Gusto,4.95,0.0992,2025-10-25 08:21:33
10355,Café en cápsula descafeinado Hacendado,3.95,0.104,2025-10-25 08:21:29
23293,Café en cápsula descafeinado Hacendado,3.55,0.112,2025-10-25 08:21:34
11874,Café en cápsula descafeinado Tassimo,5.89,0.1184,2025-10-25 08:21:37
22801,Café en cápsula doble espresso Hacendado,3.55,0.128,2025-10-25 08:21:36
10352,Café en cápsula espresso Hacendado,3.9,0.104,2025-10-25 08:21:30
11931,Café en cápsula espresso intenso Dolce Gusto,4.95,0.112,2025-10-25 08:21:32
11873,Café en cápsula espresso Tassimo,5.89,0.1184,2025-10-25 08:21:36
13636,Café en cápsula extra forte Hacendado,3.55,0.112,2025-10-25 08:21:32
10350,Café en cápsula extra fuerte Hacendado,3.9,0.104,2025-10-25 08:21:29
13635,Café en cápsula forte Hacendado,3.55,0.112,2025-10-25 08:21:32
11872,Café en cápsula largo Tassimo,5.89,0.1328,2025-10-25 08:21:37
10351,Café en cápsula ristretto Hacendado,3.9,0.106,2025-10-25 08:21:30
11918,Café en cápsula ristretto napoli Dolce Gusto,4.95,0.128,2025-10-25 08:21:34
14383,Café en cápsula sabor Caramel Hacendado,2.4,0.05,2025-10-25 08:21:31
52774,Café en cápsulas doble espresso Hacendado,3.9,0.11,2025-10-25 08:21:31
11077,Café en grano extra fuerte Hacendado,11.5,1.0,2025-10-25 08:21:45
13594,Café en grano natural Hacendado,11.5,1.0,2025-10-25 08:21:45
52491,Café en grano natural Hacendado descafeinado,13.0,1.0,2025-10-25 08:21:45
11715,Café molido Colombia Hacendado,3.6,0.25,2025-10-25 08:21:43
11745,Café molido descafeinado Climent,3.9,0.25,2025-10-25 08:21:44
11744,Café molido descafeinado Hacendado Espresso,3.8,0.25,2025-10-25 08:21:43
13593,Café molido descafeinado natural Hacendado,5.6,0.5,2025-10-25 08:21:41
13592,Café molido descafeinado natural Hacendado,2.85,0.25,2025-10-25 08:21:41
15922,Café molido mezcla fuerte Hacendado,5.6,0.5,2025-10-25 08:21:40
15923,Café molido mezcla fuerte Hacendado,2.85,0.25,2025-10-25 08:21:40
11752,Café molido mezcla Hacendado Espresso,3.6,0.25,2025-10-25 08:21:43
11845,Café molido mezcla Marcilla crème express,5.45,0.25,2025-10-25 08:21:44
11753,Café molido natural Bonka,4.95,0.25,2025-10-25 08:21:42
11810,Café molido natural Cafés Valiente,4.9,0.25,2025-10-25 08:21:42
11740,Café molido natural Climent,3.4,0.25,2025-10-25 08:21:44
13700,Café molido natural fuerte Hacendado,5.4,0.5,2025-10-25 08:21:40
11171,Café molido natural fuerte Hacendado,2.75,0.25,2025-10-25 08:21:41
11178,Café molido natural Hacendado,5.4,0.5,2025-10-25 08:21:39
11172,Café molido natural Hacendado,2.75,0.25,2025-10-25 08:21:39
11714,Café molido natural Hacendado Espresso,3.6,0.25,2025-10-25 08:21:42
11777,Café monodosis descafeinado natural Hacendado,3.3,0.224,2025-10-25 08:21:39
11730,Café monodosis mezcla Hacendado,3.4,0.224,2025-10-25 08:21:38
11770,Café monodosis natural Hacendado,3.0,0.224,2025-10-25 08:21:38
67660,Café soluble cappuccino caramelo Hacendado,3.0,0.25,2025-10-25 08:21:50
23406,Café soluble cappuccino Hacendado,2.75,0.25,2025-10-25 08:21:49
11049,Café soluble classic en sobres Hacendado,1.1,0.02,2025-10-25 08:21:46
22163,Café soluble Classic Hacendado,4.7,0.2,2025-10-25 08:21:46
22718,Café soluble Classic Hacendado,2.95,0.1,2025-10-25 08:21:46
11051,Café soluble descafeinado en sobres Hacendado,1.2,0.02,2025-10-25 08:21:48
22164,Café soluble descafeinado Hacendado,4.95,0.2,2025-10-25 08:21:47
22719,Café soluble descafeinado Hacendado,3.15,0.1,2025-10-25 08:21:48
11101,Café soluble descafeinado Nescafé classic,8.5,0.2,2025-10-25 08:21:48
11104,Café soluble descafeinado Nescafé classic,5.4,0.1,2025-10-25 08:21:49
11123,Café soluble Espresso Creme Hacendado,2.9,0.08,2025-10-25 08:21:49
11136,Café soluble natural Nescafé classic,8.5,0.2,2025-10-25 08:21:47
11111,Café soluble natural Nescafé classic,5.4,0.1,2025-10-25 08:21:47
69339,Calabacín blanco,0.9,0.41,2025-10-25 08:32:11
69338,Calabacín verde,0.72,0.39,2025-10-25 08:32:10
3527,Calabaza cacahuete cortada a trozos,2.11,0.52,2025-10-25 08:32:20
18713,Calamar en salsa americana Hacendado,2.8,0.24,2025-10-25 08:26:59
18714,Calamar en tinta Hacendado,3.1,0.24,2025-10-25 08:26:59
24417,Calamar grande Hacendado congelado,3.5,0.2,2025-10-25 08:36:50
63432,Calamar patagónico pequeño Hacendado ultracongelado,4.5,,2025-10-25 08:36:49
87177,Calamar pequeño limpio patagónico,6.0,0.3,2025-10-25 08:37:01
24242,Calamar troceado limpio Hacendado congelado,4.95,,2025-10-25 08:36:47
22860,Caldo de carne Hacendado en pastillas,0.9,0.12,2025-10-25 08:27:29
7026,Caldo de cocido casero Gallina Blanca,1.85,1.0,2025-10-25 08:27:27
52768,Caldo de cocido Hacendado,0.9,1.0,2025-10-25 08:27:29
7021,Caldo de marisco o fideuá para paella Hacendado con sofrito,2.0,1.0,2025-10-25 08:27:28
7325,Caldo de pescado Hacendado,1.0,1.0,2025-10-25 08:27:27
7305,Caldo de pescado Hacendado en pastillas,0.9,0.12,2025-10-25 08:27:30
7014,Caldo de pollo Avecrem en pastillas,2.95,0.24,2025-10-25 08:27:30
7024,Caldo de pollo casero Gallina Blanca,1.85,1.0,2025-10-25 08:27:27
7313,Caldo de pollo Hacendado,0.8,1.0,2025-10-25 08:27:26
7031,Caldo de pollo Hacendado bajo en sal,1.2,1.0,2025-10-25 08:27:28
7867,Caldo de pollo Hacendado en pastillas,1.45,0.24,2025-10-25 08:27:31
7032,Caldo de verduras Hacendado,1.0,1.0,2025-10-25 08:27:27
15592,Caldo de verduras Hacendado en pastillas,0.9,0.12,2025-10-25 08:27:31
7035,Caldo para paella de carne Hacendado con sofrito,2.25,1.0,2025-10-25 08:27:28
14790,Calendario Adviento 24 Make up  Treasures Deliplus,25.0,1.0,2025-10-25 08:36:20
67786,Callos a la madrileña Hacendado,2.45,0.38,2025-10-25 08:39:50
2179,Callos preparados de ternera Rogusa,4.1,0.5,2025-10-25 08:23:07
24267,Camarón boreal cocido y pelado Royal Greenland ultracongelado,4.25,0.2,2025-10-25 08:36:26
60654,Cambiador multiusos desechable Deliplus,4.15,10.0,2025-10-25 08:20:03
52880,Canela en rama Hacendado,1.5,0.019,2025-10-25 08:15:51
34177,Canela molida Hacendado,1.0,0.052,2025-10-25 08:15:51
86601,Canelones de carne Hacendado ultracongelados,5.93,1.1,2025-10-25 08:25:26
86600,Canelones de carne Hacendado ultracongelados,3.24,0.6,2025-10-25 08:25:26
4493,Canelones de carne y boletus Hacendado,3.7,0.35,2025-10-25 08:39:39
69719,Canónigos lavados,1.2,0.125,2025-10-25 08:31:50
84663,Caracola con pasas 10%,0.9,0.103,2025-10-25 08:37:48
62303,Caracoles precocidos Hacendado ultracongelados,3.95,0.35,2025-10-25 08:36:34
32316,Caramelo líquido Hacendado,1.75,0.3,2025-10-25 08:39:14
65017,Caramelo Pikotas masticable Dulciora,1.45,0.1,2025-10-25 08:19:26
65311,Caramelos blandos Fruits Hacendado,1.6,0.3,2025-10-25 08:18:58
65123,Caramelos café Hacendado 0% azúcares,1.15,0.09,2025-10-25 08:18:57
13987,Caramelos con palo Mix Hacendado sabor cereza y fresa,1.2,0.0794,2025-10-25 08:19:00
65298,Caramelos cítricos mix Halls sin azúcar,2.95,0.128,2025-10-25 08:18:57
8820,Caramelos El Conde Drácula sabor cereza Cerdán,1.35,0.15,2025-10-25 08:19:00
65326,Caramelos eucaliptus mentol Respiral Halls,1.95,0.15,2025-10-25 08:18:57
65143,Caramelos jengibre y própolis Hacendado 0% azúcares,1.35,0.09,2025-10-25 08:18:59
65328,Caramelos limón mentol Respiral Halls,1.95,0.15,2025-10-25 08:18:58
65324,Caramelos miel sabor limón Pifarré,1.15,0.125,2025-10-25 08:18:59
65302,Caramelos nata Hacendado 0% azúcares,1.15,0.09,2025-10-25 08:18:56
65299,Caramelos original Halls,2.95,0.128,2025-10-25 08:18:58
65327,Caramelos regaliz mentol Respiral Halls,1.95,0.15,2025-10-25 08:18:59
65138,Caramelos sabor eucalipto y mentol Hacendado 0% azúcares,1.0,0.09,2025-10-25 08:18:57
12771,Caramelos sabor eucalipto y mentol Hacendado 0% azúcares,1.5,0.093,2025-10-25 08:19:00
12766,Caramelos sabor lima Hacendado 0% azúcares,1.5,0.093,2025-10-25 08:19:01
12056,Carbón vegetal Bosque Verde,3.9,2.5,2025-10-25 08:34:52
2855,Carcasa de pollo certificado alimentado con un 50% de maíz,2.03,0.75,2025-10-25 08:22:20
2853,Carcasa y espinazo de pollo,1.23,0.95,2025-10-25 08:22:16
61206,Cardo Hacendado ultracongelado,1.65,0.45,2025-10-25 08:26:41
11511,Carne de cerdo Pulled Pork Hacendado sabor barbacoa,2.5,0.2,2025-10-25 08:39:46
62396,Carne de mejillón de Chile cocido Hacendado ultracongelado,2.35,,2025-10-25 08:36:30
34157,Carne de pimiento choricero Hacendado,1.55,0.14,2025-10-25 08:16:20
2632,Carpaccio de vacuno,4.1,0.11,2025-10-25 08:22:58
2810,Carrillada de cerdo,6.55,0.5,2025-10-25 08:22:31
4425,Carrillada de cerdo congelada,5.75,0.46,2025-10-25 08:22:29
21101,Carrillada de vacuno congelado,10.5,0.6,2025-10-25 08:25:31
5940,Castañas,3.5,0.5,2025-10-25 08:32:25
34194,Castañas cocidas y peladas Hacendado,1.4,0.1,2025-10-25 08:17:46
64145,Castañas heladas de nata Hacendado,3.0,0.32,2025-10-25 08:25:36
28969,Cava brut Anna Codorníu,8.0,0.75,2025-10-25 08:20:59
28921,Cava brut Cabré & Sabaté,3.2,0.75,2025-10-25 08:20:58
22977,Cava brut Cabré & Sabaté,1.75,0.2,2025-10-25 08:20:58
28908,Cava brut nature Jaume Serra,3.95,0.75,2025-10-25 08:20:59
28938,Cava brut nature reserva vintage Cabré & Sabaté,4.7,0.75,2025-10-25 08:20:59
28949,Cava brut Señorío De Requena,3.55,0.75,2025-10-25 08:20:59
28939,Cava semi seco Cabré & Sabaté,3.2,0.75,2025-10-25 08:21:00
28959,Cava semi seco Cabré & Sabaté Ice,4.1,0.75,2025-10-25 08:21:01
28006,Cava semi seco Freixenet,6.95,0.75,2025-10-25 08:21:00
28951,Cava semi seco Señorío De Requena,3.55,0.75,2025-10-25 08:21:00
34178,Cayena guindillas Hacendado,1.36,0.027,2025-10-25 08:15:53
37417,Cayena molida Hacendado,1.65,0.055,2025-10-25 08:15:54
52992,Caña de hojaldre rellena de crema sabor vainilla Hacendado con cobertura de cacao,1.7,0.255,2025-10-25 08:38:05
58166,Caña de lomo cebo ibérico La Hacienda del ibérico,22.5,0.5,2025-10-25 08:24:25
58260,Caña de lomo cebo ibérico La Hacienda del ibérico,72.0,1.6,2025-10-25 08:24:26
52749,Cebolla caramelizada Hacendado,1.7,0.19,2025-10-25 08:27:12
34138,Cebolla en polvo Hacendado,0.94,0.06,2025-10-25 08:15:53
34208,Cebolla frita crujiente Hacendado,1.15,0.15,2025-10-25 08:15:51
5399,Cebolla roja Olives García en vinagre,3.15,0.72,2025-10-25 08:17:35
13568,Cebolla troceada Hacendado ultracongelada,1.04,0.45,2025-10-25 08:26:34
69079,Cebollas,2.95,2.0,2025-10-25 08:32:01
69089,Cebollas,1.7,1.0,2025-10-25 08:32:01
69155,Cebollas dulces,2.5,1.0,2025-10-25 08:32:02
69162,Cebollas rojas,1.4,0.5,2025-10-25 08:32:02
69139,Cebollas tiernas,1.45,1.0,2025-10-25 08:32:01
69286,Cebollino,1.8,0.02,2025-10-25 08:32:17
33141,Cebollitas Hacendado,1.6,0.35,2025-10-25 08:17:35
59101,Cecina ahumada natural Embutidos Pajariel lonchas,4.2,0.1,2025-10-25 08:24:33
15637,Cepillo de uñas Deliplus,1.9,1.0,2025-10-25 08:30:39
9823,Cepillo dental Duro Deliplus,1.1,1.0,2025-10-25 08:30:02
12838,Cepillo dental Eléctrico Oral-B Vitality Pro Precision Clean,24.0,1.0,2025-10-25 08:30:04
35406,Cepillo dental Infantil Deliplus,0.9,1.0,2025-10-25 08:30:03
9822,Cepillo dental Medio Deliplus,1.1,1.0,2025-10-25 08:30:02
11631,Cepillo dental Medio Deliplus + Action,1.5,1.0,2025-10-25 08:30:04
52472,Cepillo dental Sensitive Deliplus encías y dientes sensibles,1.3,1.0,2025-10-25 08:30:03
9821,Cepillo dental Suave Deliplus,1.1,1.0,2025-10-25 08:30:02
79576,Cepillo limpiabiberón y tetina Deliplus,2.5,1.0,2025-10-25 08:19:55
86643,Cepillo para lavar con asa Bosque Verde,1.9,1.0,2025-10-25 08:35:11
35714,Cepillos interdentales Extrafinos cónicos Deliplus,1.5,1.0,2025-10-25 08:30:06
35733,Cepillos interdentales Finos cónicos Deliplus,1.5,1.0,2025-10-25 08:30:07
35703,Cepillos interdentales Micro Deliplus,1.5,1.0,2025-10-25 08:30:10
35639,Cera cabello Brillo Deliplus fijación 4,3.1,0.1,2025-10-25 08:28:37
14433,Cera cabello Mate Deliplus fijación 4,3.1,0.1,2025-10-25 08:28:36
67534,Cera caliente en tarro Deliplus piel sensible,4.1,0.25,2025-10-25 08:29:24
12932,Cera facial caliente en tarro Deliplus piel sensible,3.75,0.1,2025-10-25 08:29:24
13995,Cera Multisuperficies Bosque Verde,4.5,1.0,2025-10-25 08:34:15
2813,Cerdo a tacos,3.22,0.56,2025-10-25 08:22:33
15611,Cereales avena Crunchy Hacendado,1.9,0.4,2025-10-25 08:23:19
52751,Cereales avena Crunchy Hacendado de cacao,2.15,0.4,2025-10-25 08:23:20
9532,Cereales Cereal Mix Hacendado 0% azúcares añadidos,2.4,0.375,2025-10-25 08:23:19
60236,Cereales con salvado de trigo Fibra Sticks Hacendado,1.8,0.5,2025-10-25 08:23:18
22966,Cereales copos de maíz Corn Flakes Hacendado 0% azúcares añadidos,1.5,0.5,2025-10-25 08:23:11
9210,Cereales copos de maíz Corn Flakes Kellogg's,3.0,0.5,2025-10-25 08:23:12
9508,Cereales copos de trigo Chocodays Hacendado con chocolate,2.0,0.5,2025-10-25 08:23:12
9571,Cereales copos de trigo espelta integral Hacendado 0% azúcares añadidos,1.7,0.4,2025-10-25 08:23:15
9488,Cereales copos de trigo integral y arroz Hacendado 0% azúcares añadidos,2.0,0.5,2025-10-25 08:23:15
9487,Cereales copos de trigo integral y arroz Hacendado bañados en chocolate con leche,2.65,0.375,2025-10-25 08:23:16
35707,Cereales copos de trigo integral y arroz Special K Classic,2.5,0.45,2025-10-25 08:23:15
52772,Cereales copos tostados de trigo integral y arroz Hacendado con chocolate,2.4,0.425,2025-10-25 08:23:17
35987,Cereales de arroz inflado Choco Krispies Kellogg's con chocolate,3.55,0.42,2025-10-25 08:23:12
80515,Cereales estrellas de maíz Stars Hacendado con miel,2.1,0.4,2025-10-25 08:23:11
9377,Cereales rellenos de chocolate y avellana Hacendado,2.1,0.5,2025-10-25 08:23:11
9547,Cereales rellenos de crema de cacao y avellana Hacendado sin gluten,2.25,0.4,2025-10-25 08:23:13
9264,Cereales rellenos de leche Hacendado,2.4,0.5,2025-10-25 08:23:10
11187,Cereales solubles con achicoria Hacendado,2.15,0.15,2025-10-25 08:21:51
9474,Cereales y semillas granola Hacendado con frutos secos,2.4,0.4,2025-10-25 08:23:18
9776,"Cerveza 0,0% sin alcohol El Águila sin filtrar",5.34,1.98,2025-10-25 08:20:34
9777,"Cerveza 0,0% sin alcohol El Águila sin filtrar",0.89,0.33,2025-10-25 08:20:34
66394,"Cerveza 0,0% sin alcohol Falke",2.16,1.5,2025-10-25 08:20:33
15990,"Cerveza 0,0% sin alcohol Falke",0.36,0.25,2025-10-25 08:20:33
66392,"Cerveza 0,0% sin alcohol Falke",4.32,3.96,2025-10-25 08:20:35
66393,"Cerveza 0,0% sin alcohol Falke",0.36,0.33,2025-10-25 08:20:35
27187,"Cerveza 0,0% sin alcohol San Miguel",3.3,1.5,2025-10-25 08:20:32
60581,"Cerveza 0,0% sin alcohol San Miguel",0.56,0.25,2025-10-25 08:20:32
12913,"Cerveza 0,0% sin alcohol tostada Falke",3.68,2.64,2025-10-25 08:20:36
13418,"Cerveza 0,0% sin alcohol tostada Falke",0.46,0.33,2025-10-25 08:20:36
66558,"Cerveza 0,0% sin alcohol tostada Mahou",6.9,1.98,2025-10-25 08:20:33
67026,"Cerveza 0,0% sin alcohol tostada Mahou",1.15,0.33,2025-10-25 08:20:34
66447,Cerveza Amstel,6.24,3.96,2025-10-25 08:20:10
66445,Cerveza Amstel,0.74,0.33,2025-10-25 08:20:11
86046,Cerveza Amstel,8.1,6.0,2025-10-25 08:20:19
28069,Cerveza Amstel,1.35,1.0,2025-10-25 08:20:19
66413,Cerveza Amstel,5.4,3.0,2025-10-25 08:20:19
15859,Cerveza Amstel,0.52,0.25,2025-10-25 08:20:20
66027,Cerveza clásica Mahou,6.96,3.96,2025-10-25 08:20:12
27178,Cerveza clásica Mahou,0.77,0.33,2025-10-25 08:20:12
66462,Cerveza Clásica Steinburg,3.72,3.96,2025-10-25 08:20:09
66463,Cerveza Clásica Steinburg,0.31,0.33,2025-10-25 08:20:09
66465,Cerveza Clásica Steinburg,5.7,6.0,2025-10-25 08:20:20
66466,Cerveza Clásica Steinburg,0.95,1.0,2025-10-25 08:20:21
22467,Cerveza Clásica Steinburg,3.96,3.0,2025-10-25 08:20:21
22489,Cerveza Clásica Steinburg,0.33,0.25,2025-10-25 08:20:21
5396,Cerveza con aguardiente de agave Desperados,6.0,1.5,2025-10-25 08:20:30
5397,Cerveza con aguardiente de agave Desperados,1.03,0.25,2025-10-25 08:20:30
66172,Cerveza Corona,7.92,2.13,2025-10-25 08:20:28
27355,Cerveza Corona,1.5,0.355,2025-10-25 08:20:28
52853,Cerveza de trigo Paulaner,7.38,1.98,2025-10-25 08:20:27
52854,Cerveza de trigo Paulaner,1.29,0.33,2025-10-25 08:20:27
66432,Cerveza doble malta 1897,3.18,1.98,2025-10-25 08:20:15
66433,Cerveza doble malta 1897,0.53,0.33,2025-10-25 08:20:16
28057,Cerveza doble malta Voll-Damm,6.12,1.98,2025-10-25 08:20:12
27137,Cerveza doble malta Voll-Damm,1.02,0.33,2025-10-25 08:20:13
13895,Cerveza El Águila sin filtrar,5.34,1.98,2025-10-25 08:20:23
27456,Cerveza El Águila sin filtrar,0.89,0.33,2025-10-25 08:20:24
60315,Cerveza especial 18/70 La Rubia,4.2,1.5,2025-10-25 08:20:26
60316,Cerveza especial 18/70 La Rubia,0.7,0.25,2025-10-25 08:20:26
66586,Cerveza especial Estrella Galicia,8.7,3.3,2025-10-25 08:20:17
27357,Cerveza especial Estrella Galicia,0.89,0.33,2025-10-25 08:20:17
66587,Cerveza especial Estrella Galicia,7.2,3.0,2025-10-25 08:20:24
15936,Cerveza especial Estrella Galicia,0.68,0.25,2025-10-25 08:20:24
9826,Cerveza especial Mahou,6.9,3.3,2025-10-25 08:20:11
27136,Cerveza especial Mahou,0.85,0.33,2025-10-25 08:20:11
86866,Cerveza especial mini Mahou,4.92,2.4,2025-10-25 08:20:25
86867,Cerveza especial mini Mahou,0.59,0.2,2025-10-25 08:20:26
66026,Cerveza especial San Miguel,5.4,3.96,2025-10-25 08:20:14
27103,Cerveza especial San Miguel,0.5,0.33,2025-10-25 08:20:14
86311,Cerveza especial sin gluten Falke,4.4,2.64,2025-10-25 08:20:18
86312,Cerveza especial sin gluten Falke,0.55,0.33,2025-10-25 08:20:18
12033,Cerveza especial Steinburg,4.08,3.96,2025-10-25 08:20:14
12036,Cerveza especial Steinburg,0.34,0.33,2025-10-25 08:20:15
52652,Cerveza especial Steinburg,4.68,3.0,2025-10-25 08:20:27
52653,Cerveza especial Steinburg,0.39,0.25,2025-10-25 08:20:27
66009,Cerveza extra 1906 reserva especial,7.38,1.98,2025-10-25 08:20:25
67092,Cerveza extra 1906 reserva especial,1.24,0.33,2025-10-25 08:20:25
27679,Cerveza Heineken,5.52,2.64,2025-10-25 08:20:10
27100,Cerveza Heineken,0.86,0.33,2025-10-25 08:20:10
27114,Cerveza Heineken,3.72,1.5,2025-10-25 08:20:22
70745,Cerveza Heineken,0.7,0.25,2025-10-25 08:20:23
66469,Cerveza Pils Krombacher,3.9,1.98,2025-10-25 08:20:15
66470,Cerveza Pils Krombacher,0.65,0.33,2025-10-25 08:20:15
86313,"Cerveza Radler Falke 0,0% sin alcohol",3.6,2.64,2025-10-25 08:20:30
86314,"Cerveza Radler Falke 0,0% sin alcohol",0.45,0.33,2025-10-25 08:20:31
66783,Cerveza Radler Steinburg con zumo natural de limón,4.92,3.96,2025-10-25 08:20:28
66554,Cerveza Radler Steinburg con zumo natural de limón,0.41,0.33,2025-10-25 08:20:29
27150,Cerveza reserva 1925 Alhambra,6.96,1.98,2025-10-25 08:20:22
66518,Cerveza reserva 1925 Alhambra,1.49,0.33,2025-10-25 08:20:22
66770,Cerveza Shandy Steinburg sabor limón,4.2,3.96,2025-10-25 08:20:29
66771,Cerveza Shandy Steinburg sabor limón,0.35,0.33,2025-10-25 08:20:29
23694,Cerveza sin alcohol Falke,4.32,3.96,2025-10-25 08:20:34
23695,Cerveza sin alcohol Falke,0.36,0.33,2025-10-25 08:20:35
11620,"Cerveza sin gluten 0,0% sin alcohol tostada Mahou",6.32,2.64,2025-10-25 08:20:36
11621,"Cerveza sin gluten 0,0% sin alcohol tostada Mahou",0.8,0.33,2025-10-25 08:20:37
66485,Cerveza Suave Steinburg,3.6,3.96,2025-10-25 08:20:13
66486,Cerveza Suave Steinburg,0.3,0.33,2025-10-25 08:20:13
86315,Cerveza tostada 1897,3.0,1.98,2025-10-25 08:20:17
86316,Cerveza tostada 1897,0.5,0.33,2025-10-25 08:20:18
60600,Cerveza tostada Turia,8.28,3.96,2025-10-25 08:20:16
60980,Cerveza tostada Turia,0.84,0.33,2025-10-25 08:20:16
67154,Cerveza tostada Turia,6.72,3.0,2025-10-25 08:20:23
67031,Cerveza tostada Turia,0.65,0.25,2025-10-25 08:20:23
69672,Champiñones grandes,2.45,0.43,2025-10-25 08:32:14
16618,Champiñones laminados Hacendado,1.0,0.355,2025-10-25 08:27:07
69519,Champiñones laminados limpios,2.11,0.32,2025-10-25 08:32:13
69651,Champiñones pequeños,1.54,0.3,2025-10-25 08:32:13
69664,Champiñones Portobello,2.16,0.3,2025-10-25 08:32:15
16625,Champiñón entero Hacendado,1.45,0.355,2025-10-25 08:27:07
16616,Champiñón laminado Hacendado,1.8,0.45,2025-10-25 08:27:07
35397,Champú anticaspa Citric Ultrex cabello graso,2.3,0.36,2025-10-25 08:27:56
20955,Champú anticaspa Citrus Fresh H&S cabello graso,3.95,0.33,2025-10-25 08:27:55
20956,Champú anticaspa Menthol Fresh H&S,3.95,0.33,2025-10-25 08:27:55
35398,Champú anticaspa Menthol Ultrex todo tipo de cabello,2.3,0.36,2025-10-25 08:27:56
11585,Champú Anticaída Fortificante Deliplus,2.05,0.4,2025-10-25 08:27:55
44337,Champú Argan Oil Deliplus cabello seco y dañado,2.05,0.4,2025-10-25 08:27:49
86076,Champú Color Intense Deliplus cabello teñido o con mechas,2.05,0.4,2025-10-25 08:27:51
52800,Champú Color Vive Elvive cabello teñido o con mechas,3.45,0.3,2025-10-25 08:27:52
22629,Champú Curl Perfect Deliplus cabello rizado,2.35,0.4,2025-10-25 08:27:52
44330,Champú Dermo Sensitive Deliplus cuero cabelludo sensible,2.05,0.4,2025-10-25 08:27:52
44296,Champú Detox Deliplus cabello graso,2.05,0.4,2025-10-25 08:27:50
44280,Champú Extra Suave Deliplus todo tipo de cabello,1.8,0.75,2025-10-25 08:27:53
52801,Champú Hidra Hialurónico Elvive cabello deshidratado,3.45,0.3,2025-10-25 08:27:54
52931,Champú Hydra hyaluronic Deliplus cabello de normal a seco,1.8,0.4,2025-10-25 08:27:50
13065,Champú infantil Deliplus,1.95,0.4,2025-10-25 08:19:57
44320,Champú infantil Kids 3 en 1 Deliplus,1.7,0.3,2025-10-25 08:27:57
7942,Champú Liso Keratina TRESemmé cabello encrespado o dañado,2.95,0.35,2025-10-25 08:27:54
44281,Champú Liss Frizz Control Deliplus cabello rebelde,1.8,0.4,2025-10-25 08:27:51
44335,Champú Natural Deliplus todo tipo de cabello,2.05,0.4,2025-10-25 08:27:51
8925,Champú perros y gatos con aloe vera Nuske efecto repelente,3.5,0.31,2025-10-25 08:37:38
67794,Champú Plex Repair Deliplus cabello muy dañado,2.35,0.4,2025-10-25 08:27:53
35419,Champú protección y brillo Deliplus todo tipo de cabello,1.6,1.0,2025-10-25 08:27:48
67800,Champú Protect Triple Action Deliplus preventivo y protector,2.5,0.3,2025-10-25 08:27:58
46568,Champú Repair & Nutrition Deliplus cabello seco y dañado,2.05,0.4,2025-10-25 08:27:49
35612,Champú Repara & Protege Pantene cabello débil y dañado,3.15,0.3,2025-10-25 08:27:50
44233,Champú seco O'lysee,2.0,0.2,2025-10-25 08:27:52
86306,"Champú Silver Blond Deliplus cabello rubio, decolorado y grises,",2.75,0.4,2025-10-25 08:27:54
20954,Champú y acondicionador anticaspa Classic 2 en 1 H&S,3.95,0.33,2025-10-25 08:27:56
35399,Champú y acondicionador anticaspa Classic 2 en 1 Ultrex todo tipo de cabello,2.3,0.36,2025-10-25 08:27:57
44286,Champú Zero Deliplus todo tipo de cabello,2.05,0.4,2025-10-25 08:27:53
52614,Chicles eucalipto gragea Hacendado,1.0,0.045,2025-10-25 08:18:56
65164,Chicles fresa gragea Hacendado,1.0,0.045,2025-10-25 08:18:54
65165,Chicles fresa gragea Hacendado,1.95,0.1,2025-10-25 08:18:54
65161,Chicles hierbabuena gragea Hacendado,1.0,0.045,2025-10-25 08:18:53
65172,Chicles hierbabuena gragea Hacendado,1.95,0.1,2025-10-25 08:18:53
65139,Chicles hierbabuena lámina Hacendado,1.0,0.031,2025-10-25 08:18:53
65177,Chicles jengibre gragea Hacendado,1.0,0.045,2025-10-25 08:18:55
52754,"Chicles Melones ácidos Hacendado sabor melón, fresa, melocotón y frambuesa",1.15,0.1,2025-10-25 08:18:56
65235,Chicles menta fuerte gragea Hacendado,1.0,0.045,2025-10-25 08:18:52
65067,Chicles menta fuerte gragea Hacendado,1.95,0.1,2025-10-25 08:18:52
65147,Chicles menta suave gragea Hacendado,1.0,0.045,2025-10-25 08:18:53
65135,Chicles original sabor frutas gragea Hacendado,1.0,0.045,2025-10-25 08:18:54
65140,Chicles sandía lámina Hacendado,1.0,0.031,2025-10-25 08:18:55
65213,Chicles XXL gragea Hacendado,1.8,0.1,2025-10-25 08:18:55
23137,Chili con carne Hacendado,2.8,0.42,2025-10-25 08:16:19
26775,Chipirones enharinados Hacendado ultracongelado,4.8,0.325,2025-10-25 08:36:44
23560,Chipirones rellenos enteros en aceite de girasol Hacendado,2.25,0.115,2025-10-25 08:27:00
3817,Chirimoya,1.22,0.37,2025-10-25 08:31:41
81443,Chirla,4.35,0.5,2025-10-25 08:36:32
2864,Chistorra,1.55,0.22,2025-10-25 08:22:47
12543,Chocolate blanco fundir Hacendado,2.25,0.2,2025-10-25 08:38:17
22408,Chocolate blanco Fussion Hacendado relleno con cremoso de coco y almendras troceadas,1.35,0.1,2025-10-25 08:19:12
9891,Chocolate blanco Fussion Hacendado relleno de crema de galleta y cacao,1.35,0.11,2025-10-25 08:19:12
12476,Chocolate blanco Hacendado,1.15,0.1,2025-10-25 08:19:11
15101,Chocolate con leche classic Hacendado extrafino,1.3,0.125,2025-10-25 08:19:11
12562,Chocolate con leche extrafino Nestlé,1.95,0.125,2025-10-25 08:19:07
12533,Chocolate con leche fundir Hacendado,2.4,0.2,2025-10-25 08:38:19
86798,Chocolate con leche Fussion Hacendado relleno crema de fresa,1.35,0.11,2025-10-25 08:19:09
15527,"Chocolate con leche Fussion Hacendado relleno cremoso, avellanas y barquillo crujiente",1.35,0.1,2025-10-25 08:19:10
70756,Chocolate con leche Fussion Hacendado relleno de galleta caramelizada,1.35,0.11,2025-10-25 08:19:10
19988,Chocolate con leche Hacendado almendras enteras,2.5,0.15,2025-10-25 08:19:11
15633,Chocolate con leche Hacendado avellanas troceadas,1.65,0.15,2025-10-25 08:19:08
12151,Chocolate con leche Milka,2.15,0.15,2025-10-25 08:19:07
12016,Chocolate con leche Milka galleta,3.75,0.3,2025-10-25 08:19:09
12107,Chocolate con leche Valor almendras enteras,5.25,0.25,2025-10-25 08:19:08
12946,Chocolate extrafino con leche Hacendado 0% azúcares añadidos,1.35,0.1,2025-10-25 08:19:08
12037,Chocolate extrafino con leche Hacendado almendras enteras,2.0,0.2,2025-10-25 08:19:07
10005,Chocolate líquido a la taza Hacendado,2.35,1.0,2025-10-25 08:21:28
70652,Chocolate negro 55% cacao Hacendado,1.75,0.15,2025-10-25 08:19:06
40358,Chocolate negro 55% cacao Hacendado con almendras,2.6,0.2,2025-10-25 08:19:03
12530,Chocolate negro 70% cacao fundir Hacendado 0% azúcares añadidos,3.4,0.2,2025-10-25 08:38:19
22703,Chocolate negro 72% cacao Hacendado con trozos de naranja,1.95,0.1,2025-10-25 08:19:05
23773,Chocolate negro 72% de cacao Hacendado,1.85,0.1,2025-10-25 08:19:02
29062,Chocolate negro 72% de cacao Hacendado con almendras enteras,3.05,0.2,2025-10-25 08:19:04
9820,Chocolate negro 72% de cacao Hacendado con almendras enteras,3.05,0.15,2025-10-25 08:19:06
12524,Chocolate negro 85% cacao extrafino y edulcorante Hacendado 0% azúcares añadidos,2.35,0.1,2025-10-25 08:19:05
60722,Chocolate negro 85% cacao Hacendado,1.95,0.1,2025-10-25 08:19:01
12531,Chocolate negro fundir Hacendado,2.4,0.2,2025-10-25 08:38:14
12126,Chocolate puro Valor,5.25,0.3,2025-10-25 08:19:03
12130,Chocolate puro Valor con almendras enteras,5.25,0.25,2025-10-25 08:19:03
12431,Chocolatinas de chocolate negro Royal Mints 49% rellenas de crema sabor a menta,2.4,0.2,2025-10-25 08:19:04
59333,Chopped cerdo Hacendado lonchas,1.39,0.25,2025-10-25 08:24:06
59340,Chopped cocido en lata Hacendado finas lonchas,1.71,0.15,2025-10-25 08:24:06
59332,Chopped Hacendado,2.25,0.5,2025-10-25 08:24:07
6046,Chorizo aperitivo,2.59,0.3,2025-10-25 08:22:49
59154,Chorizo asturiano,2.8,0.25,2025-10-25 08:22:07
58160,Chorizo cular ibérico extra La Hacienda del ibérico,9.5,0.5,2025-10-25 08:24:21
58264,Chorizo cular ibérico extra La Hacienda del ibérico,18.62,0.98,2025-10-25 08:24:22
58388,Chorizo de bellota ibérico cular cortado a máquina,3.33,0.09,2025-10-25 08:24:20
58387,Chorizo de bellota ibérico extra cular Juan del Roble,31.05,1.15,2025-10-25 08:24:22
58265,Chorizo de cebo ibérico cortado a máquina,2.61,0.09,2025-10-25 08:24:20
59158,Chorizo de pavo extra Hacendado lonchas,2.8,0.15,2025-10-25 08:24:18
54105,Chorizo de Tarancón Bricio,3.2,1.0,2025-10-25 08:24:21
54209,Chorizo dulce extra Hacendado,2.49,0.28,2025-10-25 08:24:20
59086,Chorizo extra Hacendado lonchas,2.1,0.24,2025-10-25 08:24:18
59080,Chorizo extra pimienta Hacendado finas lonchas,1.85,0.1,2025-10-25 08:24:19
60699,Chorizo ibérico extra La Hacienda del ibérico lonchas,2.3,0.125,2025-10-25 08:24:18
6048,Chorizo oreado,2.57,0.36,2025-10-25 08:22:46
12073,Chorizo Pamplona extra Hacendado lonchas,2.05,0.24,2025-10-25 08:24:17
6047,Chorizo picante aperitivo,2.6,0.3,2025-10-25 08:22:49
54210,Chorizo picante extra Hacendado,2.49,0.28,2025-10-25 08:24:19
12084,Chorizo picante extra Hacendado lonchas,2.5,0.24,2025-10-25 08:24:19
23145,Chorizo sarta extra ahumado De León,4.3,0.35,2025-10-25 08:24:22
23146,Chorizo sarta extra picante De León,4.3,0.35,2025-10-25 08:24:23
16717,Chucrut al estilo bávaro Hengstenberg,2.2,0.68,2025-10-25 08:27:13
4900,Chuletas aguja de cerdo,4.2,0.75,2025-10-25 08:22:38
4334,Chuletas cordero de lechal congeladas,15.4,0.55,2025-10-25 08:25:31
23305,Chuletas de cerdo sajonia,3.67,0.39,2025-10-25 08:23:07
4363,Chuletas de cordero palo y riñonada,12.47,0.43,2025-10-25 08:22:43
4523,Chuletas de pavo contramuslo,4.72,0.66,2025-10-25 08:22:09
4901,Chuletas lomo de cerdo,3.55,0.55,2025-10-25 08:22:38
79663,Chupete silicona reversible Deliplus +0 a 6 meses,2.5,1.0,2025-10-25 08:19:56
79497,Chupete silicona reversible Deliplus +18 meses,2.5,1.0,2025-10-25 08:19:57
79493,Chupete silicona reversible Deliplus +6 a 18 meses luminiscente,2.5,1.0,2025-10-25 08:19:56
14485,Churrasquito de vacuno añojo,3.47,0.165,2025-10-25 08:23:01
15545,Churros Hacendado ultracongelados,1.5,0.5,2025-10-25 08:26:29
62323,Cigala cruda grande Hacendado ultracongelado,16.95,0.5,2025-10-25 08:36:27
62322,Cigala cruda mediana Hacendado ultracongelada,10.95,0.4,2025-10-25 08:36:26
69690,Cilantro,1.25,0.02,2025-10-25 08:32:16
34721,Cilantro Hacendado,1.85,0.012,2025-10-25 08:15:45
73128,Cinta dental con cera y sabor menta,2.5,1.0,2025-10-25 08:30:09
3649,Ciruela amarilla,0.52,0.13,2025-10-25 08:31:42
20020,Ciruelas desecadas sin hueso Hacendado,2.14,0.25,2025-10-25 08:17:58
31312,Claras de huevo líquidas pasteurizadas,2.85,1.0,2025-10-25 08:32:31
31309,Claras de huevo líquidas pasteurizadas,1.7,0.3,2025-10-25 08:32:31
34122,Clavo en grano Hacendado,1.75,0.042,2025-10-25 08:15:55
23414,Cloro 5 acciones disolución lenta tabletas para piscina,28.3,5.0,2025-10-25 08:34:09
80320,Cloro rápido granulado para piscina,32.5,5.0,2025-10-25 08:34:08
85028,Cocas Cidoncha congeladas,2.41,0.36,2025-10-25 08:39:36
85827,Cocas de dacsa Susana congeladas,1.89,0.55,2025-10-25 08:39:37
52990,Cocido Hacendado,1.9,0.42,2025-10-25 08:39:53
34047,Cocktail crunchy sabores Hacendado,1.75,0.2,2025-10-25 08:17:54
34924,Cocktail fruta deshidratada Hacendado,1.6,0.2,2025-10-25 08:17:56
14926,Cocktail galletitas de aperitivo Hacendado,1.65,0.3,2025-10-25 08:18:10
30138,Cocktail mezcla aperitivos fritos Hacendado,1.0,0.1,2025-10-25 08:18:12
34231,Cocktail mezcla Hacendado,1.75,0.3,2025-10-25 08:17:53
86809,Cocktail natural Hacendado,2.8,0.2,2025-10-25 08:17:55
11513,Cocktail rodeo Hacendado,1.85,0.3,2025-10-25 08:17:54
80450,Cocktail rumba Hacendado,1.75,0.3,2025-10-25 08:17:57
60015,Cocktail tostado 0% sal añadida Hacendado,2.8,0.2,2025-10-25 08:17:55
60009,Cocktail tostado y ahumado Hacendado,2.8,0.2,2025-10-25 08:17:56
34035,Coco rallado Hacendado,1.3,0.125,2025-10-25 08:39:13
13710,Codillo de cerdo asado Hacendado,4.67,0.73,2025-10-25 08:39:44
2796,Codornices,4.2,0.35,2025-10-25 08:22:11
69582,Cogollos corazón de lechuga,1.98,6.0,2025-10-25 08:31:53
69581,Cogollos de lechuga,1.05,3.0,2025-10-25 08:31:51
24340,Cola de rape del Cabo sin piel Hacendado ultracongelada,8.98,,2025-10-25 08:36:39
24102,Colas de gambón crudo Hacendado congelado,6.55,0.25,2025-10-25 08:36:28
69379,Coles de bruselas,2.5,0.5,2025-10-25 08:32:13
61248,Coles de Bruselas Hacendado ultracongeladas,1.65,0.45,2025-10-25 08:26:44
52422,Colgador antipolillas Lavanda Bosque Verde,1.55,1.0,2025-10-25 08:33:42
52423,Colgador antipolillas Ropa Limpia Bosque Verde,1.55,1.0,2025-10-25 08:33:42
43484,Colgador WC Azul limpieza activa Bosque Verde,1.25,0.08,2025-10-25 08:34:20
43474,Colgador WC Azul perfume marino Bosque Verde,1.25,0.08,2025-10-25 08:34:19
52556,Colgador WC Maxigotas Floral Bosque Verde,1.3,0.08,2025-10-25 08:34:23
8264,Colgador WC Maxigotas Spa Bosque Verde,1.3,0.08,2025-10-25 08:34:23
35926,Colgador WC Power Activ Pino Bref,2.95,0.1,2025-10-25 08:34:22
69220,Coliflor,2.82,1.28,2025-10-25 08:32:12
61231,Coliflor Hacendado ultracongelada,2.13,1.0,2025-10-25 08:26:44
61006,"Coliflor, brócoli y zanahoria Hacendado ultracongelada",2.0,1.0,2025-10-25 08:26:43
73252,Coloración permanente 0% amoníaco 1 negro Colorcor,3.9,1.0,2025-10-25 08:27:59
73253,Coloración permanente 0% amoníaco 1.88 negro azulado intenso Colorcor,3.9,1.0,2025-10-25 08:27:59
73273,Coloración permanente 0% amoníaco 10.0 rubio extra claro Colorcor,3.9,1.0,2025-10-25 08:28:19
73274,Coloración permanente 0% amoníaco 101 rubio platino ceniza Colorcor,3.9,1.0,2025-10-25 08:28:20
73014,Coloración permanente 0% amoníaco 3 castaño oscuro Colorcor,3.9,1.0,2025-10-25 08:28:00
73256,Coloración permanente 0% amoníaco 4.15 chocolate helado Colorcor,3.9,1.0,2025-10-25 08:28:02
73257,Coloración permanente 0% amoníaco 5 castaño claro Colorcor,3.9,1.0,2025-10-25 08:28:03
22693,Coloración permanente 0% amoníaco 5.1 castaño claro ceniza Colorcor,3.9,1.0,2025-10-25 08:28:04
73258,Coloración permanente 0% amoníaco 5.35 chocolate Colorcor,3.9,1.0,2025-10-25 08:28:04
73259,Coloración permanente 0% amoníaco 5.69 violín Colorcor,3.9,1.0,2025-10-25 08:28:22
73260,Coloración permanente 0% amoníaco 6.0 rubio oscuro luminoso Colorcor,3.9,1.0,2025-10-25 08:28:06
22694,Coloración permanente 0% amoníaco 6.1 rubio oscuro ceniza Colorcor,3.9,1.0,2025-10-25 08:28:07
86414,Coloración permanente 0% amoníaco 6.34 caramelo miel Colorcor,3.9,1.0,2025-10-25 08:28:08
73261,Coloración permanente 0% amoníaco 6.6 rubio oscuro rojizo Colorcor,3.9,1.0,2025-10-25 08:28:23
73262,Coloración permanente 0% amoníaco 6.74 marrón cobrizo Colorcor,3.9,1.0,2025-10-25 08:28:24
72000,Coloración permanente 0% amoníaco 7 rubio Colorcor,3.9,1.0,2025-10-25 08:28:10
73264,Coloración permanente 0% amoníaco 7.0 rubio medio luminoso Colorcor,3.9,1.0,2025-10-25 08:28:10
22695,Coloración permanente 0% amoníaco 7.1 rubio medio ceniza Colorcor,3.9,1.0,2025-10-25 08:28:11
73265,Coloración permanente 0% amoníaco 7.13 rubio beige Colorcor,3.9,1.0,2025-10-25 08:28:12
73266,Coloración permanente 0% amoníaco 7.44 rubio cobrizo Colorcor,3.9,1.0,2025-10-25 08:28:25
73268,Coloración permanente 0% amoníaco 8.0 rubio claro luminoso Colorcor,3.9,1.0,2025-10-25 08:28:14
22696,Coloración permanente 0% amoníaco 8.1 rubio claro ceniza Colorcor,3.9,1.0,2025-10-25 08:28:15
73269,Coloración permanente 0% amoníaco 8.31 rubio miel Colorcor,3.9,1.0,2025-10-25 08:28:16
73270,Coloración permanente 0% amoníaco 8.66 rojo rubí Colorcor,3.9,1.0,2025-10-25 08:28:26
73272,Coloración permanente 0% amoníaco 9.0 rubio muy claro luminoso Colorcor,3.9,1.0,2025-10-25 08:28:17
22697,Coloración permanente 0% amoníaco 9.1 rubio muy claro ceniza Colorcor,3.9,1.0,2025-10-25 08:28:17
73182,Coloración permanente 1 negro Colorcor,3.9,1.0,2025-10-25 08:27:58
77783,Coloración permanente 1.0 ultra negro Color Sensation,3.9,1.0,2025-10-25 08:27:59
73184,Coloración permanente 10 rubio extra claro Colorcor,3.9,1.0,2025-10-25 08:28:18
75625,Coloración permanente 10 rubio muy claro Excellence Creme,8.9,1.0,2025-10-25 08:28:19
73185,Coloración permanente 100 rubio platino natural Colorcor,3.9,1.0,2025-10-25 08:28:20
73147,Coloración permanente 101 rubio platino ceniza Colorcor,3.9,1.0,2025-10-25 08:28:20
77799,Coloración permanente 110 rubio extra claro ceniza Color Sensation,3.9,1.0,2025-10-25 08:28:21
73149,Coloración permanente 2.10 negro azulado Colorcor,3.9,1.0,2025-10-25 08:28:00
73150,Coloración permanente 3 castaño oscuro Colorcor,3.9,1.0,2025-10-25 08:28:00
75301,Coloración permanente 3 castaño oscuro Excellence Creme,8.9,1.0,2025-10-25 08:28:01
77787,Coloración permanente 3.16 violín intenso Color Sensation,3.9,1.0,2025-10-25 08:28:21
73255,Coloración permanente 4 castaño 0% amoníaco Colorcor,3.9,1.0,2025-10-25 08:28:01
75302,Coloración permanente 4 castaño Excellence Creme,8.9,1.0,2025-10-25 08:28:02
73195,Coloración permanente 4 castaño medio Colorcor,3.9,1.0,2025-10-25 08:28:01
73153,Coloración permanente 4.15 chocolate helado Colorcor,3.9,1.0,2025-10-25 08:28:02
73154,Coloración permanente 4.5 caoba oscuro Colorcor,3.9,1.0,2025-10-25 08:28:22
73196,Coloración permanente 5 castaño claro Colorcor,3.9,1.0,2025-10-25 08:28:03
75303,Coloración permanente 5 castaño claro Excellence Creme,8.9,1.0,2025-10-25 08:28:03
77791,Coloración permanente 5.0 castaño luminoso Color Sensation,3.9,1.0,2025-10-25 08:28:03
73415,Coloración permanente 5.20 violín Colorcor,3.9,1.0,2025-10-25 08:28:22
78595,Coloración permanente 5.35 castaño canela Color Sensatión,3.9,1.0,2025-10-25 08:28:04
73159,Coloración permanente 5.77 castaño claro marrón intenso Colorcor,3.9,1.0,2025-10-25 08:28:05
73160,Coloración permanente 5.79 marrón chocolate Colorcor,3.9,1.0,2025-10-25 08:28:05
73197,Coloración permanente 6 rubio oscuro Colorcor,3.9,1.0,2025-10-25 08:28:05
75304,Coloración permanente 6 rubio oscuro Excellence Creme,8.9,1.0,2025-10-25 08:28:06
77794,Coloración permanente 6.0  rubio oscuro Color Sensation,3.9,1.0,2025-10-25 08:28:06
75319,Coloración permanente 6.1 rubio ceniza oscuro Excellence Creme,8.9,1.0,2025-10-25 08:28:07
73162,Coloración permanente 6.1 rubio oscuro ceniza Colorcor,3.9,1.0,2025-10-25 08:28:06
73163,Coloración permanente 6.15 marrón macadamia Colorcor,3.9,1.0,2025-10-25 08:28:07
73164,Coloración permanente 6.25 marrón avellana Colorcor,3.9,1.0,2025-10-25 08:28:08
73165,Coloración permanente 6.35 marrón caramelo Colorcor,3.9,1.0,2025-10-25 08:28:08
77795,Coloración permanente 6.35 rubio caramelo Color Sensation,3.9,1.0,2025-10-25 08:28:09
73166,Coloración permanente 6.4 rubio oscuro cobrizo Colorcor,3.9,1.0,2025-10-25 08:28:23
77796,Coloración permanente 6.60 rojo intenso Color Sensation,3.9,1.0,2025-10-25 08:28:24
73167,Coloración permanente 6.60 rojo pasión Colorcor,3.9,1.0,2025-10-25 08:28:23
73192,Coloración permanente 7 1/2.1 rubio medio ceniza Colorcor,3.9,1.0,2025-10-25 08:28:11
75305,Coloración permanente 7 rubio Excellence Creme,8.9,1.0,2025-10-25 08:28:10
73168,Coloración permanente 7 rubio medio Colorcor,3.9,1.0,2025-10-25 08:28:09
75309,Coloración permanente 7.1 rubio ceniza Excellence Creme,8.9,1.0,2025-10-25 08:28:10
73169,Coloración permanente 7.1 rubio medio ceniza Colorcor,3.9,1.0,2025-10-25 08:28:11
75310,Coloración permanente 7.3 rubio dorado Excellence Creme,8.9,1.0,2025-10-25 08:28:12
73170,Coloración permanente 7.3 rubio medio dorado Colorcor,3.9,1.0,2025-10-25 08:28:12
73198,Coloración permanente 7.31 nude beige Colorcor,3.9,1.0,2025-10-25 08:28:13
73171,Coloración permanente 7.40 rubio cobrizo intenso Colorcor,3.9,1.0,2025-10-25 08:28:24
73172,Coloración permanente 7.43 cobre cálido Colorcor,3.9,1.0,2025-10-25 08:28:24
73173,Coloración permanente 7.77 rubio marrón intenso Colorcor,3.9,1.0,2025-10-25 08:28:13
73194,Coloración permanente 8 1/2.1 rubio claro ceniza Colorcor,3.9,1.0,2025-10-25 08:28:15
73174,Coloración permanente 8 rubio claro Colorcor,3.9,1.0,2025-10-25 08:28:13
75306,Coloración permanente 8 rubio claro Excellence Creme,8.9,1.0,2025-10-25 08:28:14
73175,Coloración permanente 8.1 rubio claro ceniza Colorcor,3.9,1.0,2025-10-25 08:28:14
75311,Coloración permanente 8.1 rubio claro ceniza Excellence Creme,8.9,1.0,2025-10-25 08:28:14
73176,Coloración permanente 8.3 rubio claro dorado Colorcor,3.9,1.0,2025-10-25 08:28:15
73199,Coloración permanente 8.31 nude arena Colorcor,3.9,1.0,2025-10-25 08:28:16
73177,Coloración permanente 8.44 rubio claro cobrizo Colorcor,3.9,1.0,2025-10-25 08:28:25
73178,Coloración permanente 8.6 rojo intenso Colorcor,3.9,1.0,2025-10-25 08:28:25
73179,Coloración permanente 9 rubio clarísimo Colorcor,3.9,1.0,2025-10-25 08:28:16
75315,Coloración permanente 9.1 rubio claro claro ceniza Excellence Creme,8.9,1.0,2025-10-25 08:28:18
73180,Coloración permanente 9.1 rubio clarísimo ceniza Colorcor,3.9,1.0,2025-10-25 08:28:17
73181,Coloración permanente 9.3 rubio clarísimo dorado Colorcor,3.9,1.0,2025-10-25 08:28:18
34182,Colorante alimentario Hacendado,0.95,0.085,2025-10-25 08:15:46
80399,Colorete compacto Blush Luminoso Deliplus 01 rosa,5.0,1.0,2025-10-25 08:35:31
80422,Colorete compacto Blush Luminoso Deliplus 03 dorado,5.0,1.0,2025-10-25 08:35:31
80395,Colorete compacto Blush Mate Deliplus 02 coral,5.0,0.005,2025-10-25 08:35:30
80396,Colorete compacto Blush Mate Deliplus 03 rojo,5.0,0.005,2025-10-25 08:35:31
80398,Colorete compacto Blush Satin Deliplus 02 natural,5.0,1.0,2025-10-25 08:35:32
12906,Colorete compacto Blush Satin Deliplus 04 multicolor coral,5.0,1.0,2025-10-25 08:35:32
8317,Colorete fluido Blush luminoso Deliplus 01,5.0,0.012,2025-10-25 08:35:33
8318,Colorete fluido Blush luminoso Deliplus 02,5.0,0.012,2025-10-25 08:35:33
12819,Colorete fluido Blush mate Deliplus 01 rosa amarronado,5.0,0.012,2025-10-25 08:35:33
12825,Colorete fluido Blush mate Deliplus 02 coral,5.0,0.012,2025-10-25 08:35:34
12832,Colorete fluido Blush mate Deliplus 03 rosa,5.0,0.012,2025-10-25 08:35:34
12833,Colorete fluido Blush mate Deliplus 04 rojo,5.0,0.012,2025-10-25 08:35:34
35588,Colágeno soluble sabor limón Colagen,5.3,0.25,2025-10-25 08:31:10
22177,Combinado de aperitivos Hacendado,1.6,0.2,2025-10-25 08:18:08
16833,"Combinado frutos secos, frutas desecadas y semillas de calabaza Hacendado",2.6,0.2,2025-10-25 08:17:54
15987,"Comida gato adulto Compy con pollo, ternera, frutas y verduras",12.5,10.0,2025-10-25 08:37:20
15986,"Comida gato adulto Compy con pollo, ternera, frutas y verduras",2.95,2.0,2025-10-25 08:37:20
15983,"Comida gato adulto Compy con salmón, atún, frutas y verduras",13.5,10.0,2025-10-25 08:37:21
15982,"Comida gato adulto Compy con salmón, atún, frutas y verduras",3.1,2.0,2025-10-25 08:37:21
15742,"Comida gato adulto esterilizado light Compy con pollo, frutas y verduras",3.4,1.5,2025-10-25 08:37:21
15560,"Comida gato adulto esterilizado light Supreme Compy con pollo fresco, frutas y verduras",5.8,1.5,2025-10-25 08:37:22
13714,"Comida gato adulto Supreme Compy con pollo, frutas y verduras",5.8,1.5,2025-10-25 08:37:22
13715,"Comida gato adulto Supreme Compy con salmón, frutas y verduras",5.8,1.5,2025-10-25 08:37:22
15640,"Comida gato júnior Compy con pollo, frutas y verduras",3.3,1.5,2025-10-25 08:37:20
23174,"Comida gato sénior Supreme Compy con pollo fresco, frutas y verduras",6.3,1.5,2025-10-25 08:37:23
15974,"Comida perro adulto Compy con pollo, ternera, frutas y verduras",19.5,18.0,2025-10-25 08:37:32
15972,"Comida perro adulto Compy con pollo, ternera, frutas y verduras",6.5,4.0,2025-10-25 08:37:32
15970,"Comida perro adulto Compy con pollo, ternera, frutas y verduras",6.0,3.0,2025-10-25 08:37:32
15973,"Comida perro adulto Compy con salmón, atún, frutas y verduras",7.0,4.0,2025-10-25 08:37:34
38297,"Comida perro adulto Compy con ternera, pollo, verduras y arroz",16.95,18.0,2025-10-25 08:37:31
52101,Comida perro adulto Compy original,13.1,18.0,2025-10-25 08:37:33
15979,Comida perro adulto Supreme Compy pollo fresco con frutas y verduras,24.5,10.0,2025-10-25 08:37:36
15978,Comida perro adulto Supreme Compy pollo fresco con frutas y verduras,9.5,3.0,2025-10-25 08:37:36
15976,Comida perro adulto Supreme Compy pollo fresco con frutas y verduras,5.25,1.5,2025-10-25 08:37:36
15981,Comida perro adulto Supreme Compy salmón fresco con frutas y verduras,26.5,10.0,2025-10-25 08:37:35
15980,Comida perro adulto Supreme Compy salmón fresco con frutas y verduras,10.5,3.0,2025-10-25 08:37:35
15977,Comida perro adulto Supreme Compy salmón fresco con frutas y verduras,6.0,1.5,2025-10-25 08:37:35
23204,"Comida perro júnior Compy con pollo, arroz, frutas y verduras",7.0,4.0,2025-10-25 08:37:31
23207,"Comida perro júnior Supreme Compy con pollo fresco, frutas y verduras",6.0,1.5,2025-10-25 08:37:34
23171,Comida perro sénior esterilizados Supreme Compy pollo fresco con frutas y verduras,5.25,1.5,2025-10-25 08:37:34
23206,"Comida perro sénior y adultos esterilizados Supreme Compy con pollo, frutas y verduras",7.0,4.0,2025-10-25 08:37:33
34121,Comino en grano Hacendado,1.95,0.056,2025-10-25 08:15:52
34120,Comino molido Hacendado,1.2,0.058,2025-10-25 08:15:52
53011,Compango,2.6,0.25,2025-10-25 08:22:04
47312,Compresa con alas noche Ausonia,2.95,1.0,2025-10-25 08:30:15
47348,Compresa con alas noche Deliplus Suave,1.15,1.0,2025-10-25 08:30:12
47383,Compresa con alas noche plegada Deliplus Classic,1.4,1.0,2025-10-25 08:30:11
47310,Compresa con alas normal Ausonia,2.95,1.0,2025-10-25 08:30:16
47356,Compresa con alas normal Deliplus Cotton,3.4,1.0,2025-10-25 08:30:17
47340,Compresa con alas normal Deliplus Dry,2.15,1.0,2025-10-25 08:30:14
47343,Compresa con alas normal Deliplus Suave,2.15,1.0,2025-10-25 08:30:12
47368,Compresa con alas normal Deliplus Suave,1.0,1.0,2025-10-25 08:30:17
86352,Compresa con alas normal Evax cotton like fresh,4.5,1.0,2025-10-25 08:30:13
47311,Compresa con alas super Ausonia,2.95,1.0,2025-10-25 08:30:16
47357,Compresa con alas super Deliplus Cotton,3.4,1.0,2025-10-25 08:30:18
47342,Compresa con alas super Deliplus Dry,2.15,1.0,2025-10-25 08:30:14
47346,Compresa con alas super Deliplus Suave,2.15,1.0,2025-10-25 08:30:13
86353,Compresa con alas super Evax cotton like fresh,4.2,1.0,2025-10-25 08:30:15
47010,Compresa de incontinencia Tena masculina,5.0,1.0,2025-10-25 08:30:28
35678,Compresa sin alas de incontinencia Deliplus Extra,3.35,20.0,2025-10-25 08:30:12
