id,name,last_price,unit_size,last_update
5841,11 Panecillos,1.14,0.495,2025-11-06 19:50:51
84629,12 Mini croissants de mantequilla,2.15,0.24,2025-11-06 19:49:58
84638,12 Mini saladas surtidas,1.25,0.195,2025-11-06 19:50:06
60354,2 Panes integrales 100% fino,1.4,0.165,2025-11-06 19:50:53
84597,24 Mini saladas surtidas,2.5,0.39,2025-11-06 19:50:06
83203.1,3 Barras de pan,1.19,0.75,2025-11-06 19:50:45
83232.1,3 Barras de pan aceite de oliva,1.51,0.6,2025-11-06 19:50:45
83232.2,3 Barras de pan aceite de oliva rebanadas,1.51,0.6,2025-11-06 19:50:55
83203.2,3 Barras de pan rebanadas,1.19,0.75,2025-11-06 19:50:55
9664,3 Bocadillos,1.04,0.39,2025-11-06 19:50:53
12985,3 Susos relleno de crema,1.65,0.153,2025-11-06 19:50:03
69737,3 Vegetales para microondas lavados,1.85,0.3,2025-11-06 19:44:25
6459,4 Panes chapata de cristal,1.3,0.284,2025-11-06 19:50:49
5850,4 Panes de cristal redondos cortados 100 % natural,1.84,0.24,2025-11-06 19:50:53
83452,5 Barras de pan 51% integral,1.36,0.625,2025-11-06 19:50:49
84688,6 Croissant rellenos de cacao,1.75,0.28,2025-11-06 19:49:58
84676,6 Mini empanadillas de pisto,1.75,0.2,2025-11-06 19:50:07
22388,6 Panecillos integrales 100%,0.99,0.27,2025-11-06 19:50:52
83056,6 Panes de centeno 51%,1.47,0.465,2025-11-06 19:50:51
14431,6 Panes de leche 3%,1.51,0.48,2025-11-06 19:50:50
83292,6 Panes pulguitas sin aditivos,1.04,0.24,2025-11-06 19:50:51
43861,70% Alcohol de Limpieza Perfumado Bosque Verde,2.3,1.0,2025-11-06 19:46:38
43112,70% Alcohol limpieza hogar Bosque Verde,2.6,0.75,2025-11-06 19:46:40
84937,8 Croissants surtidos rellenos de crema de cacao y crema con leche sabor a chocolate blanco,2.55,0.3,2025-11-06 19:50:04
84684,8 Magdalenas con azúcar,2.6,0.38,2025-11-06 19:50:00
84900,8 Magdalenas con pepitas de chocolate,3.1,0.38,2025-11-06 19:50:00
12586,99% cacao negro Hacendado,2.7,0.1,2025-11-06 19:31:33
42314,Abrillantador lavavajillas líquido Bosque Verde,1.2,0.75,2025-11-06 19:46:44
86652,Abrillantador lavavajillas líquido Finish,3.95,0.4,2025-11-06 19:46:47
13994,Abrillantador suelos Bosque Verde,2.5,1.0,2025-11-06 19:46:22
72878,Absorbeolores en gel para frigorífico Bosque Verde,1.8,1.0,2025-11-06 19:46:08
16831,Absorbeolores Ropa Limpia Bosque Verde,0.8,1.0,2025-11-06 19:46:08
79217,Aceite corporal aloe vera Deliplus,1.65,0.4,2025-11-06 19:40:42
46815,Aceite corporal de almendras Deliplus 100% natural,3.4,0.2,2025-11-06 19:40:43
46816,Aceite corporal de romero Deliplus 100% natural,3.2,0.2,2025-11-06 19:40:43
46831,Aceite corporal rosa mosqueta Deliplus,4.8,0.03,2025-11-06 19:40:43
4193,Aceite de coco virgen Hacendado,5.45,0.45,2025-11-06 19:28:23
4041,"Aceite de girasol refinado 0,2º Hacendado",8.45,5.0,2025-11-06 19:28:22
4040,"Aceite de girasol refinado 0,2º Hacendado",1.75,1.0,2025-11-06 19:28:22
4241,"Aceite de oliva 0,4º Hacendado",18.75,5.0,2025-11-06 19:28:17
4240,"Aceite de oliva 0,4º Hacendado",3.85,1.0,2025-11-06 19:28:17
4641,Aceite de oliva 1º Hacendado,19.45,5.0,2025-11-06 19:28:18
4640,Aceite de oliva 1º Hacendado,4.0,1.0,2025-11-06 19:28:19
4717,Aceite de oliva virgen extra Hacendado,13.7,3.0,2025-11-06 19:28:18
4740,Aceite de oliva virgen extra Hacendado,4.65,1.0,2025-11-06 19:28:18
4718,Aceite de oliva virgen extra Hacendado,2.8,0.2,2025-11-06 19:28:20
4706,Aceite de oliva virgen extra Hacendado Gran Selección,5.95,0.75,2025-11-06 19:28:18
4850,Aceite de oliva virgen extra Picual Casa Juncal,4.95,0.5,2025-11-06 19:28:20
4711,Aceite de oliva virgen Hacendado,11.75,3.0,2025-11-06 19:28:19
4749,Aceite de oliva virgen Hacendado,4.1,1.0,2025-11-06 19:28:19
52590,Aceite de Ricino Deliplus,3.45,0.03,2025-11-06 19:43:11
46844,Aceite en crema corporal oriental Deliplus,3.0,0.25,2025-11-06 19:40:42
8822,Aceite facial doble limpieza Facial Clean desmaquillante y limpiador,3.75,0.15,2025-11-06 19:41:02
19874,Aceite labial Lip Oil glow infusion Deliplus 01 nude,4.5,0.004,2025-11-06 19:48:10
19873,Aceite labial Lip Oil glow infusion Deliplus 02 cherry,4.5,0.004,2025-11-06 19:48:10
23017,Aceite árbol del té 100% puro Deliplus con pipeta dosificadora,3.0,0.01,2025-11-06 19:43:04
21756,Aceitunas negras de Aragón Campo Nature,2.5,0.2,2025-11-06 19:30:08
8309,Aceitunas negras en rodajas Hacendado,2.0,0.148,2025-11-06 19:30:08
52734,Aceitunas negras sin hueso Hacendado,1.05,0.35,2025-11-06 19:30:07
52733,Aceitunas negras sin hueso Hacendado,3.0,0.35,2025-11-06 19:30:08
33168,Aceitunas verdes Chupadedos Huerta de Barros partidas aliñadas,3.4,0.98,2025-11-06 19:30:02
33205,Aceitunas verdes con hueso Hacendado,1.5,0.43,2025-11-06 19:30:05
33120,Aceitunas verdes con hueso Hacendado sabor anchoa,2.95,0.935,2025-11-06 19:30:05
13422,Aceitunas verdes estilo casero Hacendado partidas aliñadas,2.95,0.935,2025-11-06 19:30:03
80177,Aceitunas verdes Gazpacha Hacendado partidas,2.5,0.835,2025-11-06 19:30:02
86100,Aceitunas verdes partidas Olives Garcia,3.9,0.815,2025-11-06 19:30:05
52622,Aceitunas verdes Picadedos sin hueso Hacendado aliñadas,3.5,0.71,2025-11-06 19:30:06
22910,Aceitunas verdes rellenas de anchoa Hacendado,3.15,1.05,2025-11-06 19:30:01
23217,Aceitunas verdes rellenas de anchoa Hacendado,1.75,0.36,2025-11-06 19:30:01
22911,Aceitunas verdes rellenas de anchoa Hacendado,1.05,0.35,2025-11-06 19:30:01
12764,Aceitunas verdes rellenas de anchoa Hacendado,3.25,0.83,2025-11-06 19:30:03
33078,Aceitunas verdes rellenas de anchoa Hacendado reducidas en sal,1.95,0.36,2025-11-06 19:30:02
33178,Aceitunas verdes rellenas de jalapeño Hacendado,1.75,0.35,2025-11-06 19:30:04
11946,Aceitunas verdes rellenas de pepinillo Hacendado,2.85,0.315,2025-11-06 19:30:07
23708,Aceitunas verdes rellenas de pimiento asado Hacendado,1.75,0.35,2025-11-06 19:30:04
33121,Aceitunas verdes sin hueso aliñadas Hacendado,1.9,0.42,2025-11-06 19:30:04
33053,Aceitunas verdes sin hueso Hacendado,2.8,0.835,2025-11-06 19:30:02
33114,Aceitunas verdes sin hueso Hacendado,1.7,0.525,2025-11-06 19:30:03
69725,Acelgas cortadas y lavadas,1.35,0.3,2025-11-06 19:44:07
16314,Acelgas troceadas Hacendado,1.75,0.66,2025-11-06 19:39:16
52933,Acondicionador instantáneo Hydra hyaluronic Deliplus cabello de normal a seco,2.0,0.25,2025-11-06 19:39:39
9970,Acondicionador instantáneo Kids Deliplus,1.7,0.25,2025-11-06 19:39:38
44326,Acondicionador instantáneo Repair & Nutrition Deliplus cabello seco y dañado,3.0,0.4,2025-11-06 19:39:38
7943,Acondicionador Liso Keratina TRESemmé cabello encrespado o dañado,2.95,0.35,2025-11-06 19:39:39
75532,Acondicionador Protector Color Vive Elvive cabello teñido o con mechas,3.4,0.25,2025-11-06 19:39:38
44363,Acondicionador Repair & Nutrition Deliplus cabello seco y dañado,1.4,0.3,2025-11-06 19:39:37
35615,Acondicionador Repara & Protege Pantene,3.55,0.25,2025-11-06 19:39:38
35420,Acondicionador Suavidad y Brillo Deliplus todo tipo de cabello,1.75,1.0,2025-11-06 19:39:37
40315,Activador Blanqueante ropa blanca Oxi Active Bosque Verde en polvo,3.1,1.0,2025-11-06 19:45:34
40230,Activador Blanqueante ropa blanca Oxi Active Bosque Verde líquido,1.75,2.0,2025-11-06 19:45:34
40317,Activador Quitamanchas ropa de color Oxi Active Bosque Verde en polvo,3.1,1.0,2025-11-06 19:45:33
40233,Activador Quitamanchas ropa de color Oxi Active Bosque Verde líquido,1.75,2.0,2025-11-06 19:45:34
28198,Agua de coco Hacendado 100% natural,2.6,1.0,2025-11-06 19:29:59
35516,Agua de colonia bebé Nenuco,2.85,0.5,2025-11-06 19:32:28
14391,Agua de colonia Deliplus Citrus Classic,2.75,0.75,2025-11-06 19:42:45
14390,Agua de colonia Deliplus Floral Infusion,2.75,0.75,2025-11-06 19:42:45
8949,Agua de colonia fresca infantil Deliplus con notas cítricas,1.9,0.6,2025-11-06 19:32:28
90794,Agua de colonia para perros y gatos Krislin,4.0,0.25,2025-11-06 19:49:53
46204,Agua de colonia S3 Classic fresh,3.5,0.75,2025-11-06 19:42:33
11677,Agua de colonia S3 Mediterránea,3.5,0.75,2025-11-06 19:42:43
44313,Agua de peinado cabello Aqua Styling Deliplus,2.1,0.2,2025-11-06 19:40:28
27203,Agua de soda con sifón La Casa,1.6,1.5,2025-11-06 19:29:13
90505,Agua destilada Bosque Verde,0.9,2.0,2025-11-06 19:45:37
76465,Agua facial de avena Deliplus,2.9,0.3,2025-11-06 19:41:00
46954,Agua micelar cara y ojos Facial Clean,3.0,0.4,2025-11-06 19:40:57
27366,Agua mineral con gas grande Cortes,2.58,9.0,2025-11-06 19:29:11
27367,Agua mineral con gas grande Cortes,0.43,1.5,2025-11-06 19:29:12
27598,Agua mineral con gas grande Fonter,6.84,6.0,2025-11-06 19:29:13
27597,Agua mineral con gas grande Fonter,1.14,1.0,2025-11-06 19:29:14
27894,Agua mineral con gas grande San Pellegrino,8.34,6.0,2025-11-06 19:29:13
27893,Agua mineral con gas grande San Pellegrino,1.39,1.0,2025-11-06 19:29:13
27213,Agua mineral con gas grande Vichy Catalan,1.49,1.0,2025-11-06 19:29:11
27368,Agua mineral con gas pequeña Cortes,1.74,3.0,2025-11-06 19:29:12
27369,Agua mineral con gas pequeña Cortes,0.29,0.5,2025-11-06 19:29:12
28185,Agua mineral con gas pequeña Vichy Catalan,5.89,1.8,2025-11-06 19:29:11
27314,Agua mineral grande Bezoya,4.44,9.0,2025-11-06 19:29:07
27230,Agua mineral grande Bezoya,0.74,1.5,2025-11-06 19:29:07
28035,Agua mineral grande Bronchales,1.28,6.0,2025-11-06 19:29:01
23448,Agua mineral grande Bronchales,2.34,9.0,2025-11-06 19:29:02
23449,Agua mineral grande Bronchales,0.39,1.5,2025-11-06 19:29:02
28060,Agua mineral grande Cortes,0.92,8.0,2025-11-06 19:29:04
27088,Agua mineral grande Cortes,0.79,6.0,2025-11-06 19:29:04
28269,Agua mineral grande Cortes,1.5,9.0,2025-11-06 19:29:05
28270,Agua mineral grande Cortes,0.25,1.5,2025-11-06 19:29:05
27350,Agua mineral grande Font Vella,4.32,9.0,2025-11-06 19:29:09
27204,Agua mineral grande Font Vella,0.75,1.5,2025-11-06 19:29:09
27291,Agua mineral grande Lanjarón,4.2,9.0,2025-11-06 19:29:10
27216,Agua mineral grande Lanjarón,0.73,1.5,2025-11-06 19:29:10
27099,Agua mineral grande Nestlé Aquarel,3.72,9.0,2025-11-06 19:29:07
27232,Agua mineral grande Nestlé Aquarel,0.62,1.5,2025-11-06 19:29:08
27327,Agua mineral grande Solán de Cabras,5.34,9.0,2025-11-06 19:29:09
27356,Agua mineral grande Solán de Cabras,0.89,1.5,2025-11-06 19:29:10
28491,Agua mineral mediana Bronchales,3.0,6.0,2025-11-06 19:29:03
28499,Agua mineral mediana Bronchales,0.5,1.0,2025-11-06 19:29:03
28163,Agua mineral mediana Cortes,2.4,6.0,2025-11-06 19:29:05
28164,Agua mineral mediana Cortes,0.4,1.0,2025-11-06 19:29:06
27061,Agua mineral pequeña Bronchales,1.74,3.0,2025-11-06 19:29:03
27054,Agua mineral pequeña Bronchales,0.29,0.5,2025-11-06 19:29:03
28566,Agua mineral pequeña Bronchales tapón infantil,2.4,1.98,2025-11-06 19:29:04
28567,Agua mineral pequeña Bronchales tapón infantil,0.4,0.33,2025-11-06 19:29:04
27076,Agua mineral pequeña Cortes,1.44,3.0,2025-11-06 19:29:06
27078,Agua mineral pequeña Cortes,0.24,0.5,2025-11-06 19:29:06
28288,Agua mineral pequeña Cortes tapón infantil,1.56,1.98,2025-11-06 19:29:06
28296,Agua mineral pequeña Cortes tapón infantil,0.26,0.33,2025-11-06 19:29:07
77241,Agua oxigenada Deliplus desinfectante antiséptico,0.65,0.25,2025-11-06 19:43:12
44413,Agua para plancha Bosque Verde perfume ropa limpia,1.5,1.0,2025-11-06 19:45:38
46559,Agua perfumada bebé con notas florales Deliplus,3.2,0.1,2025-11-06 19:32:28
3830,Aguacate,1.18,0.21,2025-11-06 19:43:30
3858,Aguacates,3.87,0.73,2025-11-06 19:43:30
86656,Ajo granulado Hacendado,1.2,0.115,2025-11-06 19:28:33
69695,Ajo negro dientes pelados,5.0,0.085,2025-11-06 19:43:51
61288,Ajo tierno Hacendado ultracongelado,2.05,0.3,2025-11-06 19:38:41
61251,Ajo troceado Hacendado ultracongelado,1.04,0.15,2025-11-06 19:38:46
60873,Ajo y Perejil Hacendado,1.35,0.074,2025-11-06 19:28:29
33022,Ajos aliñados Hacendado,2.6,0.345,2025-11-06 19:30:11
69297,Ajos morados,1.85,0.25,2025-11-06 19:43:50
2784,Alas de pollo,4.05,0.91,2025-11-06 19:34:52
2832,Alas de pollo adobadas,3.53,0.63,2025-11-06 19:35:34
8970,Alas de pollo adobadas picantes,3.33,0.52,2025-11-06 19:34:56
52426,Alas de pollo barbacoa congeladas,3.7,0.75,2025-11-06 19:37:47
25184,Alas de pollo congeladas,3.6,1.0,2025-11-06 19:37:45
2785,Alas partidas de pollo,3.12,0.6,2025-11-06 19:34:49
3791,Alas partidas de pollo certificado alimentado con un 50% de maíz,4.29,0.64,2025-11-06 19:34:54
69287,Albahaca,1.55,0.02,2025-11-06 19:44:04
34128,Albahaca Hacendado,1.25,0.02,2025-11-06 19:28:28
63435,Albóndigas de bacalao Camós congeladas,2.1,0.4,2025-11-06 19:48:56
2871,Albóndigas de cerdo,4.55,0.84,2025-11-06 19:35:25
23632,Albóndigas de pollo,6.0,0.84,2025-11-06 19:35:25
23139,Albóndigas de pollo Hacendado,1.8,0.42,2025-11-06 19:52:10
23138,Albóndigas en salsa Hacendado,1.8,0.42,2025-11-06 19:52:08
4797,Albóndigas guisadas Hacendado,2.75,0.275,2025-11-06 19:52:02
61205,Alcachofa baby Hacendado ultracongelada,3.05,0.3,2025-11-06 19:38:47
13865,Alcachofa troceada Hacendado ultracongelada,2.65,0.4,2025-11-06 19:38:41
33190,Alcaparras Hacendado,1.35,0.135,2025-11-06 19:30:10
77248,Alcohol 96º Deliplus antiséptico,0.75,0.25,2025-11-06 19:43:12
77322,Alcohol de romero Deliplus,2.0,0.25,2025-11-06 19:43:14
85716,Alfajor de almendra La Muralla,0.17,0.028,2025-11-06 19:50:28
12051,Algodón hidrófilo 100% zig-zag hipoalergénico Deliplus,1.2,0.1,2025-11-06 19:43:14
43705,Algodón mágico Aladdin,3.8,0.075,2025-11-06 19:46:40
90309,Alguicida sin espuma líquido Bosque Verde para piscina,12.5,5.0,2025-11-06 19:46:14
13559,Alicate uñas Deliplus,4.9,1.0,2025-11-06 19:42:32
38007,Alimento completo conejos enanos Granzoo,1.7,0.8,2025-11-06 19:49:56
38130,Alimento completo para canarios y jilgueros Granzoo,1.88,1.0,2025-11-06 19:49:55
38220,Alimento completo para loros y cotorras Granzoo,3.3,0.7,2025-11-06 19:49:56
13646,Alimento completo para ninfa y agaporni Granzoo,1.85,0.8,2025-11-06 19:49:56
38131,Alimento completo para periquitos Granzoo,1.9,1.0,2025-11-06 19:49:55
52765,"Alimento completo para roedores Granzoo hámster, cobaya y chinchilla",1.9,0.7,2025-11-06 19:49:57
62704,Alistado mediano Hacendado ultracongelado,22.5,0.5,2025-11-06 19:48:41
24708,Alistado pequeño congelado,2227.5,,2025-11-06 19:48:40
24707,Alistado pequeño Hacendado congelado,24.94,1.16,2025-11-06 19:48:41
13705,Alitas de pollo asadas Hacendado,4.4,0.5,2025-11-06 19:52:01
17265,Aliño de aceite con perejil y ajo Hacendado,1.75,0.15,2025-11-06 19:28:57
17150,Allioli Chovi,1.45,0.18,2025-11-06 19:28:46
17173,Allioli en sobres individuales Hacendado,1.5,0.16,2025-11-06 19:28:47
17172,Allioli Hacendado,1.1,0.2,2025-11-06 19:28:46
60874,Almeja Hacendado congelada,1.7,0.45,2025-11-06 19:48:47
81418,Almeja japonesa,10.35,0.5,2025-11-06 19:48:46
18579,Almejas blancas del norte al natural Hacendado,1.65,0.185,2025-11-06 19:39:04
18552,Almejones al natural Hacendado,1.35,0.111,2025-11-06 19:39:03
34009,Almendra frita y salada Hacendado pelada,3.15,0.2,2025-11-06 19:30:18
80492,Almendra marcona Hacendado frita con sal,2.95,0.125,2025-11-06 19:30:22
34921,Almendra molida Hacendado,2.15,0.125,2025-11-06 19:51:34
34865,Almendra natural Hacendado,2.5,0.2,2025-11-06 19:30:14
23575,Almendra natural Hacendado sin piel,3.05,0.2,2025-11-06 19:30:23
52928,Almendra palitos Hacendado,1.85,0.1,2025-11-06 19:51:36
34014,Almendra tostada Hacendado 0% sal añadida con piel,2.95,0.2,2025-11-06 19:30:19
11960,Almendra tostada y salada Hacendado con piel,2.4,0.2,2025-11-06 19:30:17
36421,Almendras rellenas de turrón Hacendado,2.9,0.15,2025-11-06 19:50:30
33136,Altramuces Hacendado,1.75,0.69,2025-11-06 19:30:10
5124,Alubia blanca Hacendado,2.45,1.0,2025-11-06 19:30:57
26019,Alubia cocida blanca Hacendado,0.8,0.57,2025-11-06 19:30:56
26028,Alubia cocida blanca Hacendado,0.7,0.295,2025-11-06 19:30:56
26002,Alubia cocida granja Hacendado,1.75,0.57,2025-11-06 19:30:58
26001,Alubia cocida pinta Hacendado,1.25,0.57,2025-11-06 19:30:57
26000,Alubia cocida roja Hacendado,1.25,0.57,2025-11-06 19:30:56
67608,Alubia negra Hacendado,2.5,1.0,2025-11-06 19:30:57
5128,Alubia pinta Hacendado,2.4,1.0,2025-11-06 19:30:58
67609,Alubia roja Hacendado,3.2,1.0,2025-11-06 19:30:58
26114,Alubias a la jardinera Hacendado,1.2,0.42,2025-11-06 19:52:09
26138,Alubias con tomate Heinz,1.3,0.415,2025-11-06 19:52:10
79425,Ambientador coche Bali Bosque Verde,1.85,1.0,2025-11-06 19:46:01
79447,Ambientador coche Exótico Bosque Verde,1.85,1.0,2025-11-06 19:46:02
79446,Ambientador coche Frutos Silvestres Bosque Verde,1.85,1.0,2025-11-06 19:46:01
79448,Ambientador coche Marine Bosque Verde,1.85,1.0,2025-11-06 19:46:02
43058,Ambientador lavavajillas Limón Bosque Verde,1.5,1.0,2025-11-06 19:46:47
72873,Ambientador líquido concentrado Foresan deluxe,1.7,0.125,2025-11-06 19:46:05
72734,Ambientador perlas Lima Bosque Verde,1.45,1.0,2025-11-06 19:46:04
72733,Ambientador perlas Tiernos Recuerdos Bosque Verde,1.45,1.0,2025-11-06 19:46:04
8876,Ambientador Spa armarios y cajones Bosque Verde,1.75,1.0,2025-11-06 19:46:05
60629,Ambientador spray Colonia Bosque Verde,1.15,0.3,2025-11-06 19:45:55
40159,Ambientador spray de tejidos Elixir Floral Bosque Verde,2.15,0.4,2025-11-06 19:45:54
14256,Ambientador spray Essence Bosque Verde,1.15,0.3,2025-11-06 19:45:55
60707,Ambientador spray Fresh Bosque Verde,1.15,0.3,2025-11-06 19:45:53
13040,Ambientador spray Red Elixir Bosque Verde,1.15,0.3,2025-11-06 19:45:55
72537,Ambientador spray Ropa Limpia Bosque Verde,1.15,0.3,2025-11-06 19:45:53
67997,Ambientador spray Sweet Blossom Bosque Verde,1.15,0.3,2025-11-06 19:45:53
13295,Ambientador Talco armarios y cajones Bosque Verde,1.75,1.0,2025-11-06 19:46:05
13788,Ambientador varitas Bambú Bosque Verde,2.1,0.04,2025-11-06 19:46:03
13789,Ambientador varitas Frambuesa Bosque Verde,2.1,0.04,2025-11-06 19:46:02
13780,Ambientador varitas Fruta Tropical Bosque Verde,2.1,0.04,2025-11-06 19:46:03
13055,Ambientador varitas Magnolia Bosque Verde,2.1,0.04,2025-11-06 19:46:03
13056,Ambientador varitas Pistacho Bosque Verde,2.1,0.04,2025-11-06 19:46:06
43802,Amoníaco con detergente Bosque Verde,0.95,1.5,2025-11-06 19:46:12
43813,Amoníaco muy fuerte Bosque Verde con detergente,1.25,0.75,2025-11-06 19:46:13
43818,Amoníaco perfumado Bosque Verde,0.75,1.5,2025-11-06 19:46:12
46885,Ampollas faciales spray flash Tensor Effect Deliplus Sisbela Reafirm,2.5,0.004,2025-11-06 19:41:11
50321,Ampollas faciales Ácido Hialurónico Hidrata Deliplus concentrado,3.5,0.014,2025-11-06 19:41:11
35614,Ampollas tratamiento intensivo Repara & Protege Pantene cabello dañado,3.9,0.045,2025-11-06 19:39:44
34027,Anacardo frito salado Hacendado,2.8,0.2,2025-11-06 19:30:17
23365,Anacardo natural Hacendado,2.8,0.2,2025-11-06 19:30:16
87254,Anguila troceada,9.74,0.33,2025-11-06 19:49:24
63163,Anillas de pota a la romana Hacendado ultracongeladas,5.25,0.5,2025-11-06 19:48:58
24249,Anillas de pota Argentina Hacendado congeladas,5.75,,2025-11-06 19:49:01
28397,Anís seco Cassalla Cerveró,11.75,1.0,2025-11-06 19:33:14
28334,Anís seco Limiñana,10.2,1.0,2025-11-06 19:33:15
28311,Anís seco Tenis,12.3,1.0,2025-11-06 19:33:14
28356,Aperitivo Aperol,13.65,0.7,2025-11-06 19:33:03
28494,Aperitivo de café Cerol,6.25,1.0,2025-11-06 19:33:04
8953,Aperitivo de patata con sabor a nata agria y cebolla,1.85,0.175,2025-11-06 19:30:38
33556,Aperitivo de patata sabor crema agria y cebolla Pringles,1.99,0.165,2025-11-06 19:30:36
33555,Aperitivo de patata sabor original Pringles,1.99,0.165,2025-11-06 19:30:36
69245,Apio cortado lavado,1.16,0.21,2025-11-06 19:44:09
69275,Apio verde,1.32,0.66,2025-11-06 19:44:09
35735,Apósitos hidrocoloides adhesivos para ampollas y rozaduras Deliplus surtidos,4.3,1.0,2025-11-06 19:43:16
7894,Apósitos infantiles Tattoo Deliplus,1.6,1.0,2025-11-06 19:43:20
40583,Arcos dentales para higiene interdental Deliplus,1.8,1.0,2025-11-06 19:42:00
13658,Arena para gato aglomerante Nuske perfumada,3.75,5.0,2025-11-06 19:49:38
90080,Arena para gato antibacterias Nuske,1.5,5.0,2025-11-06 19:49:38
90947,Arena para gato de perlas sílice Single,3.55,4.0,2025-11-06 19:49:39
63238,Aritos de surimi a la romana Hacendado ultracongelados,3.3,0.6,2025-11-06 19:48:56
23173,Aritos perro adulto y sénior Compy,8.3,4.0,2025-11-06 19:49:47
32524,Aroma de vainilla Hacendado,2.0,0.15,2025-11-06 19:50:39
15757,Aros de maíz Hacendado,0.85,0.12,2025-11-06 19:30:45
87786,Arreglo de marisco pelado,9.18,0.45,2025-11-06 19:48:40
3556,Arreglo para arroz al horno,6.0,0.76,2025-11-06 19:34:39
88180,Arreglo para paella con pollo y conejo,6.86,0.94,2025-11-06 19:34:41
3497,"Arreglo para puchero vacuno, cerdo y pollo",7.22,1.11,2025-11-06 19:34:38
5002,Arroz basmati aromático Hacendado,2.2,1.0,2025-11-06 19:30:52
5025,Arroz bomba Hacendado,5.1,1.0,2025-11-06 19:30:50
19866,Arroz campestre con pollo Hacendado ultracongelado,2.0,0.35,2025-11-06 19:37:42
22280,Arroz cocido basmati Sabroz,1.15,0.25,2025-11-06 19:51:58
22281,Arroz cocido integral Sabroz,1.1,0.25,2025-11-06 19:51:59
22279,Arroz cocido redondo Sabroz,1.1,0.25,2025-11-06 19:51:59
68354,Arroz con leche Hacendado,1.35,0.52,2025-11-06 19:52:32
12756,Arroz con verduras para microondas Hacendado ultracongelado,2.0,0.8,2025-11-06 19:37:41
22767,Arroz de secreto ibérico con setas Hacendado,3.0,0.28,2025-11-06 19:51:59
60621,Arroz de verduras Hacendado,3.5,0.28,2025-11-06 19:52:00
5184,Arroz integral largo Hacendado,1.65,1.0,2025-11-06 19:30:53
5063,Arroz largo Hacendado,1.35,1.0,2025-11-06 19:30:49
12972,Arroz largo Sabroz,1.1,0.25,2025-11-06 19:30:53
12782,Arroz marinera Hacendado ultracongelado,2.2,0.35,2025-11-06 19:37:41
35541,Arroz negro Hacendado ultracongelado,3.0,0.6,2025-11-06 19:37:41
61302,Arroz para microondas Hacendado ultracongelado,2.0,1.0,2025-11-06 19:37:40
5044,Arroz redondo Hacendado,1.3,1.0,2025-11-06 19:30:49
5042,Arroz redondo J Sendra Hacendado,1.6,1.0,2025-11-06 19:30:51
5000,Arroz redondo La Fallera,1.69,1.0,2025-11-06 19:30:50
52637,Arroz redondo Sabor,2.45,1.0,2025-11-06 19:30:53
86905,Arroz tres delicias Hacendado ultracongelado,2.85,1.0,2025-11-06 19:37:40
5020,Arroz vaporizado Hacendado,1.65,1.0,2025-11-06 19:30:52
5501,Arándanos,3.35,0.225,2025-11-06 19:43:36
5507,Arándanos,6.85,0.5,2025-11-06 19:43:36
34605,Arándanos deshidratados Hacendado,2.3,0.2,2025-11-06 19:30:32
61093,Arándanos enteros Hacendado ultracongelados,2.15,0.3,2025-11-06 19:38:36
18018,Atún claro al natural Hacendado,4.2,0.48,2025-11-06 19:38:55
18055,Atún claro en aceite de girasol Hacendado,4.3,0.48,2025-11-06 19:38:53
18092,Atún claro en aceite de girasol Hacendado,2.7,0.24,2025-11-06 19:38:54
18002,Atún claro en aceite de oliva Hacendado,4.9,0.48,2025-11-06 19:38:54
18071,Atún claro en aceite de oliva Hacendado,1.55,0.111,2025-11-06 19:38:54
18054,Atún claro en aceite de oliva Hacendado,3.7,0.195,2025-11-06 19:38:56
18031,Atún claro en escabeche blanco Hacendado,4.7,0.48,2025-11-06 19:38:55
18086,Atún en aceite de girasol Hacendado,6.5,0.9,2025-11-06 19:38:53
18030,Atún en aceite de oliva Hacendado,7.7,0.9,2025-11-06 19:38:54
18037,Atún en salsa de tomate Hacendado,2.1,0.24,2025-11-06 19:38:56
34164,Avellana natural Hacendado,3.25,0.2,2025-11-06 19:30:23
34025,Avellana tostada Hacendado 0% sal añadida,5.65,0.2,2025-11-06 19:30:17
16807,Avena molida Hacendado,1.15,0.5,2025-11-06 19:35:43
8370,Azafrán hebra Hacendado,1.85,0.0004,2025-11-06 19:28:31
34116,Azafrán molido Hacendado,1.8,0.0004,2025-11-06 19:28:30
19837,Azúcar blanco en sobres Hacendado,1.55,0.35,2025-11-06 19:31:16
19897,Azúcar blanco Hacendado,1.0,1.0,2025-11-06 19:31:15
35649,Azúcar glas Hacendado,2.6,0.5,2025-11-06 19:31:17
22349,Azúcar moreno de caña Hacendado,1.9,1.0,2025-11-06 19:31:16
19832,Azúcar moreno en sobres Hacendado,1.75,0.35,2025-11-06 19:31:16
32525,Azúcar vainillado Hacendado,1.3,0.12,2025-11-06 19:51:35
81204.1,Bacalao a rodajas,26.8,2.33,2025-11-06 19:49:13
81204.2,Bacalao abierto en libro sin cabeza y sin espina,26.8,2.33,2025-11-06 19:49:13
13787,Bacalao ahumado Hacendado en aceite de girasol,3.45,0.11,2025-11-06 19:49:29
87211,Bacalao al punto de sal descongelado,9.0,0.45,2025-11-06 19:49:14
81204.3,Bacalao media pieza a rodajas,14.95,1.3,2025-11-06 19:49:13
81204.4,Bacalao media pieza abierto en libro sin cabeza y sin espina,14.95,1.3,2025-11-06 19:49:13
59163,Bacón ahumado La Selva lonchas,2.3,0.21,2025-11-06 19:36:23
59160,Bacón ahumado sin corteza La Selva,3.0,0.3,2025-11-06 19:36:24
59066,Bacón Hacendado cintas,2.3,0.25,2025-11-06 19:36:23
53500,Bacón Oscar Mayer lonchas,2.4,0.15,2025-11-06 19:36:24
5827,Baguette,0.57,0.25,2025-11-06 19:50:46
82753,Baguette sin gluten,2.03,0.175,2025-11-06 19:50:46
3824,Banana,0.29,0.19,2025-11-06 19:43:22
79673,Bandas adhesivas fijación fuerte color beige Deliplus para cortar,1.5,1.0,2025-11-06 19:43:13
74081,Bandas de cera especial piernas Deliplus piel sensible,1.4,1.0,2025-11-06 19:41:15
74079,Bandas de cera facial Deliplus piel sensible,1.1,1.0,2025-11-06 19:41:15
49632,Bandeja de cartón rectangular Bosque Verde,2.35,4.0,2025-11-06 19:46:59
22154,Banderillas dulces Hacendado,1.7,0.345,2025-11-06 19:30:09
60320,"Banderillas Gildas Hacendado pinchos de aceituna, anchoa y guindilla",2.3,0.125,2025-11-06 19:30:09
33235,Banderillas picantes Hacendado,1.7,0.345,2025-11-06 19:30:08
14241,Barquillos con crema de avellanas Hacendado,1.6,0.25,2025-11-06 19:36:04
14239,Barquillos rellenos con crema de cacao Hacendado,1.0,0.175,2025-11-06 19:36:01
36204,Barquillos rellenos de chocolate Hacendado,2.25,0.2,2025-11-06 19:36:02
36203,Barquillos rellenos de crema turrón Hacendado,2.25,0.2,2025-11-06 19:36:03
14136,Barquillos rellenos de nata Hacendado 0% azúcares añadidos,1.1,0.21,2025-11-06 19:36:02
14576,Barquillos rellenos sabor nata Hacendado,1.0,0.21,2025-11-06 19:36:01
64214,"Barra de helado sabor vainilla, chocolate y nata Hacendado",1.9,1.0,2025-11-06 19:37:59
83202.1,Barra de pan,0.5,0.25,2025-11-06 19:50:45
82830.1,Barra de pan campesina masa madre,0.65,0.25,2025-11-06 19:50:46
82830.2,Barra de pan campesina masa madre rebanada,0.65,0.25,2025-11-06 19:50:56
86610.1,Barra de pan espiga,1.04,0.4,2025-11-06 19:50:48
86610.2,Barra de pan espiga rebanado,1.04,0.4,2025-11-06 19:50:57
83202.2,Barra de pan rebanada,0.5,0.25,2025-11-06 19:50:55
83560,Barra de pan tradicional,1.28,0.7,2025-11-06 19:51:01
83231.1,Barra pan de aceite de oliva,0.57,0.2,2025-11-06 19:50:45
83231.2,Barra pan de aceite de oliva rebanada,0.57,0.2,2025-11-06 19:50:56
9660.1,Barra pan de agua,0.95,0.24,2025-11-06 19:50:47
9660.2,Barra pan de agua rebanada,0.95,0.24,2025-11-06 19:50:56
23086.1,Barra pan de pueblo,1.58,0.8,2025-11-06 19:50:48
23086.2,Barra pan de pueblo rebanada,1.58,0.8,2025-11-06 19:50:57
86464,"Barreño ovalado 8,7L Bosque Verde",2.2,1.0,2025-11-06 19:47:24
19867,Barrita con proteínas Enervit Sport sabor chocolate con leche,4.75,0.18,2025-11-06 19:35:50
9445,Barritas con proteínas Enervit Sport sabor coco y chocolate,3.5,0.12,2025-11-06 19:43:05
14550,Barritas crujientes Caocream Hacendado rellenas de galleta de cacao,1.7,0.1115,2025-11-06 19:31:45
14510,Barritas crujientes Hacendado recubiertas de chocolate con leche,1.8,0.1125,2025-11-06 19:31:45
14713,Barritas de avena Crunchy Nature Valley con chocolate negro,1.95,0.21,2025-11-06 19:35:49
8978,Barritas de barquillo Hacendado con relleno de avellana cubiertas de chocolate con leche,1.8,0.123,2025-11-06 19:31:43
12526,Barritas de barquillo Huesitos bañadas de chocolate con leche,2.8,0.2,2025-11-06 19:31:39
12510,Barritas de barquillo Kit-Kat bañadas de chocolate con leche,2.95,0.2075,2025-11-06 19:31:39
14500,"Barritas de barquillo Meivel rellenas de turrón Viena, cacahuete y sabor a limón",2.55,0.18,2025-11-06 19:31:40
15344,Barritas de barquillo Tokke mini,1.7,0.141,2025-11-06 19:31:45
52493,Barritas de cereales con frutos secos Hacendado,1.65,0.15,2025-11-06 19:35:48
13052,Barritas de cereales con galleta animada Hacendado,1.55,0.12,2025-11-06 19:35:49
9350,Barritas de cereales Hacendado chocolate con leche,1.55,0.12,2025-11-06 19:35:47
73249,Barritas de cereales Hacendado con chocolate blanco,1.55,0.127,2025-11-06 19:35:47
7975,Barritas de cereales Hacendado sabor mango,1.65,0.12,2025-11-06 19:35:49
9349,Barritas de cereales muesli Hacendado con chocolate,1.55,0.138,2025-11-06 19:35:47
12171,Barritas de chocolate con leche Hacendado rellenas de leche,2.2,0.2,2025-11-06 19:31:39
35917,Barritas de espelta Hacendado sabor manzana,1.55,0.12,2025-11-06 19:35:48
38111,Barritas de fruta y miel para canarios Natura,1.85,0.09,2025-11-06 19:49:55
38145,Barritas de fruta y miel para periquitos Natura,1.85,0.09,2025-11-06 19:49:55
14133,Barritas de galleta bañadas en chocolate con leche Chips Ahoy,1.5,0.14,2025-11-06 19:36:00
52494,Barritas de galleta rellenas de arándanos Hacendado,1.55,0.125,2025-11-06 19:35:49
12540,Barritas de galleta y caramelo Hacendado bañadas de chocolate con leche,1.85,0.2,2025-11-06 19:31:41
52442,"Barritas Peanuts Hacendado bañadas de chocolate con leche y rellenas con caramelo, cacahuetes tostados y crema azucarada",1.95,0.216,2025-11-06 19:31:44
63648,Bases de pizza artesanas extrafinas y crujientes Hacendado ultracongeladas,1.8,0.42,2025-11-06 19:51:53
63606,Bases de pizza sin gluten sin lactosa Hacendado ultracongeladas,3.8,0.4,2025-11-06 19:51:53
52856,Bastoncillos algodón para bebés Deliplus,1.05,60.0,2025-11-06 19:32:30
79007,Bastoncillos de algodón 100% Deliplus,0.9,200.0,2025-11-06 19:43:12
15287,Bastones de batata Hacendado ultracongelada,2.65,0.75,2025-11-06 19:38:52
69239,Batata,0.94,0.4,2025-11-06 19:43:48
69465,Batatas para microondas,2.5,0.4,2025-11-06 19:44:26
23050,Batido de chocolate 90% leche Hacendado,1.45,1.0,2025-11-06 19:45:11
10055,Batido de chocolate 90% leche Hacendado,1.75,1.2,2025-11-06 19:45:11
10043,Batido de chocolate 90% leche Puleva,2.4,1.2,2025-11-06 19:45:12
10066,Batido de chocolate ColaCao Energy,2.85,0.752,2025-11-06 19:45:12
10050,Batido de chocolate Hacendado,1.55,1.2,2025-11-06 19:45:10
23049,Batido de chocolate Hacendado,1.3,1.0,2025-11-06 19:45:11
22967,Batido de chocolate Hacendado 0% sin azúcares añadidos,1.85,1.2,2025-11-06 19:45:13
10051,Batido de vainilla Hacendado,1.55,1.2,2025-11-06 19:45:13
86418,Batido lácteo sabor chocolate +Proteínas Hacendado 30 g proteínas,1.3,0.33,2025-11-06 19:52:52
86419,Batido lácteo sabor vainilla +Proteínas Hacendado 30 g proteínas,1.3,0.33,2025-11-06 19:52:53
23051,Batido sabor fresa Hacendado,1.3,1.0,2025-11-06 19:45:13
10054,Batido sabor fresa Hacendado,1.55,1.2,2025-11-06 19:45:13
23052,Batido sabor vainilla Hacendado,1.3,1.0,2025-11-06 19:45:12
22825,Bayeta cristales y espejos Bosque Verde microfibra,0.85,1.0,2025-11-06 19:45:43
71033,Bayeta grande Bosque Verde microfibra,1.75,1.0,2025-11-06 19:45:43
22774,Bayeta pequeña Bosque Verde microfibra,1.6,1.0,2025-11-06 19:45:43
60620,Bayeta polvo Bosque Verde microfibra,0.9,1.0,2025-11-06 19:45:44
71044,Bayeta suave multiusos Bosque Verde,1.2,1.0,2025-11-06 19:45:42
23107,"Bebida 0,0% sin alcohol Tanqueray",14.65,0.7,2025-11-06 19:33:05
39224,Bebida 5 frutas Hacendado sin azúcares añadidos,1.75,1.2,2025-11-06 19:53:13
39109,Bebida Bahamas Hacendado,1.4,2.0,2025-11-06 19:53:12
13955,Bebida cider con gas Spieler sabor a manzana,4.74,1.5,2025-11-06 19:32:57
13956,Bebida cider con gas Spieler sabor a manzana,0.79,0.25,2025-11-06 19:32:57
23925,Bebida de almendras 0% azúcar Hacendado,7.2,6.0,2025-11-06 19:45:03
23926,Bebida de almendras 0% azúcar Hacendado,1.2,1.0,2025-11-06 19:45:03
15647,Bebida de almendras con calcio Hacendado,7.2,6.0,2025-11-06 19:45:04
15648,Bebida de almendras con calcio Hacendado,1.2,1.0,2025-11-06 19:45:04
23048,Bebida de arroz sin azúcares añadidos Hacendado,6.6,6.0,2025-11-06 19:45:04
23047,Bebida de arroz sin azúcares añadidos Hacendado,1.1,1.0,2025-11-06 19:45:04
39627,Bebida de arándanos y frutas rojas Hacendado sin azúcares añadidos,1.65,1.0,2025-11-06 19:53:14
13849,Bebida de avellana y arroz sin azúcares añadidos Hacendado,7.8,6.0,2025-11-06 19:45:06
13848,Bebida de avellana y arroz sin azúcares añadidos Hacendado,1.3,1.0,2025-11-06 19:45:07
23908,Bebida de avena Alitey,5.7,6.0,2025-11-06 19:44:47
23912,Bebida de avena Alitey,0.95,1.0,2025-11-06 19:44:47
23046,Bebida de avena Alitey,1.5,0.75,2025-11-06 19:44:48
10688,Bebida de avena con café Hacendado,0.9,0.25,2025-11-06 19:45:06
86168,Bebida de avena con calcio sin azúcares añadidos Hacendado,7.2,6.0,2025-11-06 19:44:48
86167,Bebida de avena con calcio sin azúcares añadidos Hacendado,1.2,1.0,2025-11-06 19:44:48
52633,Bebida de avena con chocolate sin azucares añadidos Hacendado,7.5,6.0,2025-11-06 19:45:09
52634,Bebida de avena con chocolate sin azúcares añadidos Hacendado,1.25,1.0,2025-11-06 19:45:09
60926,Bebida de avena con chocolate sin azúcares añadidos Hacendado,1.6,0.75,2025-11-06 19:45:09
52639,Bebida de avena Hacendado 0% azúcar,4.5,6.0,2025-11-06 19:45:08
52640,Bebida de avena Hacendado 0% azúcar,0.75,1.0,2025-11-06 19:45:08
13847,Bebida de coco y arroz sin azúcares añadidos Hacendado,9.0,6.0,2025-11-06 19:45:05
13846,Bebida de coco y arroz sin azúcares añadidos Hacendado,1.5,1.0,2025-11-06 19:45:05
39640,Bebida de frutas rojas antioxidante Hacendado sin azúcares añadidos,1.75,1.0,2025-11-06 19:53:14
60588,Bebida de mango Hacendado sin azúcares añadidos,1.25,1.0,2025-11-06 19:53:43
8247,Bebida de melocotón Hacendado sin azúcares añadidos,1.0,1.0,2025-11-06 19:53:25
8248,Bebida de melocotón Hacendado sin azúcares añadidos,1.5,1.2,2025-11-06 19:53:25
8790,Bebida de naranja Hacendado sin azúcares añadidos,1.05,1.0,2025-11-06 19:53:41
8791,Bebida de naranja Hacendado sin azúcares añadidos,1.85,1.2,2025-11-06 19:53:41
39119,Bebida de piña Hacendado sin azúcares añadidos,1.1,1.0,2025-11-06 19:53:26
39106,Bebida de piña Hacendado sin azúcares añadidos,1.6,1.2,2025-11-06 19:53:26
39604,Bebida de pomelo Hacendado sin azúcares añadidos,1.25,1.0,2025-11-06 19:53:44
29322,Bebida de soja 0% azúcar Hacendado,4.5,6.0,2025-11-06 19:45:02
29314,Bebida de soja 0% azúcar Hacendado,0.75,1.0,2025-11-06 19:45:03
13681,Bebida de soja con calcio y vitaminas Hacendado,3.9,6.0,2025-11-06 19:45:02
13682,Bebida de soja con calcio y vitaminas Hacendado,0.65,1.0,2025-11-06 19:45:02
14346,Bebida de soja sabor café 0% azúcar,1.25,1.0,2025-11-06 19:45:10
14345,Bebida de soja sabor café 0% azúcar,7.5,6.0,2025-11-06 19:45:10
67950,Bebida de soja sabor vainilla Hacendado 0% azúcar,6.6,6.0,2025-11-06 19:45:07
67949,Bebida de soja sabor vainilla Hacendado 0% azúcar,1.1,1.0,2025-11-06 19:45:07
39650,"Bebida de zumo de naranja, mango y zanahoria La Verja sin azúcares añadidos",1.8,1.5,2025-11-06 19:53:13
28266,Bebida energética Energy Drink Hacendado,1.6,1.5,2025-11-06 19:29:22
28263,Bebida energética Energy Drink Hacendado,2.4,1.5,2025-11-06 19:29:22
28264,Bebida energética Energy Drink Hacendado,0.4,0.25,2025-11-06 19:29:22
5564,Bebida energética Energy Drink Zero Hacendado,2.4,1.5,2025-11-06 19:29:20
28664,Bebida energética energy Monster,6.68,2.0,2025-11-06 19:29:21
28016,Bebida energética Energy Monster,1.79,0.5,2025-11-06 19:29:22
28670,Bebida energética Energy Ultra zero Monster,6.68,2.0,2025-11-06 19:29:21
28119,Bebida energética Energy Ultra zero Monster,1.79,0.5,2025-11-06 19:29:21
15318,Bebida energética Furious Energy drink Hacendado,0.5,0.25,2025-11-06 19:29:25
13815,Bebida energética Mango Loco Monster,6.68,2.0,2025-11-06 19:29:24
13814,Bebida energética Mango Loco Monster,1.79,0.5,2025-11-06 19:29:25
29365,Bebida energética original Burn,3.32,2.0,2025-11-06 19:29:23
27913,Bebida energética original Burn,1.0,0.5,2025-11-06 19:29:24
8870,Bebida energética Red Bull,6.3,1.5,2025-11-06 19:29:23
27905,Bebida energética Red Bull,1.59,0.25,2025-11-06 19:29:23
13976,Bebida energética Zero Full Tropic Energy drink,1.0,0.5,2025-11-06 19:29:26
60603,Bebida energética Zero Furious Hacendado Energy drink,1.0,0.5,2025-11-06 19:29:26
27944,Bebida energética Zero Hacendado,0.4,0.25,2025-11-06 19:29:20
12854,Bebida energética Zero Katrine Energy drink Hacendado,1.0,0.5,2025-11-06 19:29:26
13978,Bebida energética Zero Sunset Energy drink Hacendado,1.0,0.5,2025-11-06 19:29:26
14452,Bebida espirituosa centenario Terry,7.1,0.7,2025-11-06 19:33:08
60697,Bebida espirituosa Convidado de Baco,4.3,0.7,2025-11-06 19:33:07
39127,Bebida Florida Hacendado,1.4,2.0,2025-11-06 19:53:40
27759,Bebida Florida Sunny Delight,1.95,1.25,2025-11-06 19:29:58
28688,Bebida isotónica de naranja Iso drink,1.0,1.5,2025-11-06 19:29:18
15333,Bebida isotónica de naranja Iso drink,2.7,1.98,2025-11-06 19:29:19
15339,Bebida isotónica de naranja Iso drink,0.45,0.33,2025-11-06 19:29:19
29410,Bebida isotónica Iso On blue Hacendado,1.55,1.5,2025-11-06 19:29:18
29080,Bebida isotónica Iso On blue Hacendado,0.7,0.5,2025-11-06 19:29:18
29608,Bebida isotónica limón Aquarius,1.99,1.5,2025-11-06 19:29:16
29605,Bebida isotónica limón Aquarius,6.55,2.64,2025-11-06 19:29:16
29625,Bebida isotónica limón Aquarius,0.85,0.33,2025-11-06 19:29:16
29612,Bebida isotónica limón Aquarius zero azúcar,1.99,1.5,2025-11-06 19:29:17
29609,Bebida isotónica naranja Aquarius,1.99,1.5,2025-11-06 19:29:17
29604,Bebida isotónica naranja Aquarius,6.56,2.64,2025-11-06 19:29:17
29624,Bebida isotónica naranja Aquarius,0.85,0.33,2025-11-06 19:29:17
28576,Bebida isotónica sabor cítrico Iso drink,1.0,1.5,2025-11-06 19:29:16
15331,Bebida isotónica sabor cítrico Iso drink,2.7,1.98,2025-11-06 19:29:20
15332,Bebida isotónica sabor cítrico Iso drink,0.45,0.33,2025-11-06 19:29:20
11509,Bebida isotónica sabor cítrico Iso drink zero,1.0,1.5,2025-11-06 19:29:19
15664,Bebida Kéfir de coco Hacendado,1.1,0.25,2025-11-06 19:52:58
52750,Bebida Kéfir de fresa y plátano Hacendado,0.85,0.25,2025-11-06 19:52:59
15662,Bebida Kéfir natural Hacendado 0% m.g,0.85,0.25,2025-11-06 19:52:59
10820,Bebida láctea con cereales crecimiento y desarrollo Puleva Max,11.34,6.0,2025-11-06 19:45:15
10781,Bebida láctea con cereales crecimiento y desarrollo Puleva Max,1.89,1.0,2025-11-06 19:45:15
10726,Bebida láctea crecimiento y desarrollo Puleva Max,10.74,6.0,2025-11-06 19:45:14
10723,Bebida láctea crecimiento y desarrollo Puleva Max,1.79,1.0,2025-11-06 19:45:14
22002,Bebida láctea de fresa Cuidacol 0% azúcares añadidos,2.5,0.8,2025-11-06 19:52:56
20941,Bebida láctea de fresa Danacol 0% azúcares añadidos,5.45,1.0,2025-11-06 19:52:57
20612,Bebida láctea de fresa Hacendado,1.5,1.0,2025-11-06 19:52:50
20627,Bebida láctea de fresa L-casei,2.25,1.2,2025-11-06 19:52:54
20658,Bebida láctea de fresa L-casei 0% m.g 0% azúcares añadidos,1.55,0.6,2025-11-06 19:52:55
20613,Bebida láctea de fresa y plátano Hacendado,1.5,1.0,2025-11-06 19:52:50
9982,Bebida láctea de frutas del bosque Hacendado,1.5,1.0,2025-11-06 19:52:51
20629,Bebida láctea de piña y coco Hacendado,1.5,1.0,2025-11-06 19:52:50
35847,Bebida láctea desnatada +Proteínas sabor açaí plátano Hacendado 0% m.g 20 g proteínas,1.15,0.28,2025-11-06 19:52:53
10845,Bebida láctea desnatada omega 3 Hacendado,7.02,6.0,2025-11-06 19:44:41
10846,Bebida láctea desnatada omega 3 Hacendado,1.17,1.0,2025-11-06 19:44:41
21333,Bebida láctea desnatada sabor fresa +Proteínas Hacendado 0% m.g 20 g proteínas,1.15,0.28,2025-11-06 19:52:52
12753,"Bebida láctea desnatada sabor fresa y plátano +Proteínas Hacendado 0% m.g 17,4 g proteínas",2.5,1.0,2025-11-06 19:52:54
19985,Bebida láctea desnatada sabor stracciatella +Proteínas Hacendado 0% azúcares añadidos 20 g proteínas,1.15,0.28,2025-11-06 19:52:54
21378,Bebida láctea desnatada sabor tropical +Proteínas Hacendado 0% m.g 20 g proteínas,1.15,0.28,2025-11-06 19:52:53
20738,Bebida láctea natural Actimel,4.95,1.2,2025-11-06 19:52:55
20709,Bebida láctea natural Actimel 0% m.g,4.95,1.2,2025-11-06 19:52:56
9981,Bebida láctea natural azucarada Hacendado,1.5,1.0,2025-11-06 19:52:52
22126,Bebida láctea natural azucarada L-casei,2.25,1.2,2025-11-06 19:52:55
22001,Bebida láctea natural Cuidacol 0% azúcares añadidos,2.5,0.8,2025-11-06 19:52:58
20940,Bebida láctea natural Danacol 0% azúcares añadidos,5.45,1.0,2025-11-06 19:52:58
20657,Bebida láctea natural L-casei 0% m.g 0% azúcares añadidos,1.55,0.6,2025-11-06 19:52:56
10146,Bebida láctea Omega 3 Puleva con leche desnatada,10.5,6.0,2025-11-06 19:44:39
10884,Bebida láctea Omega 3 Puleva con leche desnatada,1.75,1.0,2025-11-06 19:44:40
10281,Bebida láctea Omega 3 Puleva con nueces y leche desnatada,11.7,6.0,2025-11-06 19:44:41
10282,Bebida láctea Omega 3 Puleva con nueces y leche desnatada,1.95,1.0,2025-11-06 19:44:41
23053,Bebida láctea sabor canela y limón Hacendado,1.75,1.0,2025-11-06 19:45:19
20640,Bebida láctea sabores L-casei,2.25,1.2,2025-11-06 19:52:55
10814,Bebida láctea semidesnatada con fibra Hacendado,7.8,6.0,2025-11-06 19:44:34
10826,Bebida láctea semidesnatada con fibra Hacendado,1.3,1.0,2025-11-06 19:44:35
20942,Bebida láctea tropical Danacol 0% azúcares añadidos,5.45,1.0,2025-11-06 19:52:58
39651,Bebida multivitaminas Hacendado sin azúcares añadidos,1.0,1.0,2025-11-06 19:53:14
8802,Bebida preparada de ron sabor mojito La Recompensa Ice,1.3,0.275,2025-11-06 19:33:12
39488,Bebida refrescante aromatizada tinto sin alcohol light Castillo de Salobreña,1.6,1.0,2025-11-06 19:33:31
39606,Bebida tropical Hacendado sin azúcares añadidos,0.9,1.0,2025-11-06 19:53:13
28999,Bebida zumo de manzana El Lagar sin alcohol,2.4,0.75,2025-11-06 19:33:19
60988,Bechamel Hacendado,2.35,0.6,2025-11-06 19:45:25
18509,Berberecho al natural XS Hacendado,3.2,0.185,2025-11-06 19:39:02
81416,Berberechos,5.95,0.5,2025-11-06 19:48:47
18564,Berberechos al natural M Hacendado,4.25,0.111,2025-11-06 19:39:03
18553,Berberechos al natural S Hacendado,3.05,0.111,2025-11-06 19:39:03
69326,Berenjena,0.6,0.39,2025-11-06 19:44:06
69347,Berenjena rayada,0.81,0.36,2025-11-06 19:44:06
19958,Berenjenas de Almagro aliñada Antonio,3.59,0.68,2025-11-06 19:30:13
84785,Berlina al cacao,1.55,0.24,2025-11-06 19:49:59
20140,Berlina con cobertura de cacao crunch rellena de crema de cacao,1.25,0.1,2025-11-06 19:50:05
20354,Berlina con cobertura y trozos de pistacho rellena de crema sabor pistacho,1.25,0.09,2025-11-06 19:50:05
84710,Berlina glacé,1.35,0.2,2025-11-06 19:49:59
79715,Biberón 150 ml tetina silicona flujo lento Deliplus +0 meses,3.3,1.0,2025-11-06 19:32:23
79470,Biberón 360 ml tetina silicona tres posiciones Deliplus +1 mes,3.8,1.0,2025-11-06 19:32:24
29007,Bicarbonato de sódio Hacendado,1.45,1.0,2025-11-06 19:28:24
29006,Bicarbonato de sódio Hacendado,1.1,0.3,2025-11-06 19:28:24
28408,Bitter Campari,15.5,0.7,2025-11-06 19:33:04
19876,Bitter Kas sin alcohol,7.84,2.64,2025-11-06 19:29:52
28435,Bitter Kas sin alcohol,0.99,0.33,2025-11-06 19:29:52
14443,Bizcocho azúcar sin gluten,2.8,0.3,2025-11-06 19:50:04
9965,Bizcocho con azúcar moreno y nueces,3.3,0.4,2025-11-06 19:50:02
85786,Bizcocho con baño de cacao Hacendado,0.37,0.068,2025-11-06 19:50:20
15197,Bizcocho con pistacho,4.1,0.42,2025-11-06 19:50:03
12809,Bizcocho de cacao,3.1,0.41,2025-11-06 19:50:02
82744,Bizcocho de chocolate sin gluten Hacendado,2.2,0.2,2025-11-06 19:50:16
84736,Bizcocho de chocolate sin gluten y sin lactosa,3.1,0.3,2025-11-06 19:50:03
83995,Bizcocho de yogur Hacendado,3.35,0.8,2025-11-06 19:49:58
15165,Bizcocho Hacendado,1.75,0.29,2025-11-06 19:50:18
23372,Bizcochos de huevo Hacendado,1.65,0.4,2025-11-06 19:50:14
82099,Bizcochos Hacendado,1.75,0.3,2025-11-06 19:50:14
52171,Bloc foie gras de pato Hacendado,5.25,0.1,2025-11-06 19:37:01
82098,Bocaditos bañados al cacao Hacendado,2.15,0.5,2025-11-06 19:50:12
70705,Bocaditos en gelatina gato adulto Delikuit,2.3,0.8,2025-11-06 19:49:32
70704,Bocaditos en gelatina gato adulto Delikuit,2.3,0.8,2025-11-06 19:49:33
22007,Bocaditos en gelatina gato júnior Delikuit con pollo y pavo,2.5,0.8,2025-11-06 19:49:32
35732,Bocaditos en salsa gato adulto Delikuit esterilizado,2.75,0.8,2025-11-06 19:49:34
52710,"Bocaditos en salsa gato adulto Lechat Excellence con pollo, pavo y verduras",0.7,0.4,2025-11-06 19:49:31
52711,"Bocaditos en salsa gato adulto Lechat Excellence con salmón, trucha  y verduras",0.7,0.4,2025-11-06 19:49:31
9833,Bocaditos en salsa perro adulto Special Dog Excellence con salmón y verduras,1.65,1.23,2025-11-06 19:49:45
9832,"Bocaditos en salsa perro adulto Special Dog Excellence con ternera, hígado y verduras",1.65,1.23,2025-11-06 19:49:44
62380,Bogavante americano mediano crudo Hacendado,15.67,,2025-11-06 19:48:44
23189,Bol biodegradable Bosque Verde,2.0,15.0,2025-11-06 19:46:57
34046,"Bolas de cereal bañadas Hacendado de chocolate negro, con leche y blanco",2.65,0.2,2025-11-06 19:31:43
14469,Bolitas de coco Hacendado,1.9,0.24,2025-11-06 19:31:49
14502,Bollitos glaseados Hacendado,2.2,0.41,2025-11-06 19:36:07
82609,Bollo con pepitas de chocolate Hacendado Choco Buns,1.65,0.25,2025-11-06 19:50:11
2439,Bolsa de rafia,0.65,1.0,2025-11-06 19:46:55
15636,Bolsa isotérmica,1.9,1.0,2025-11-06 19:46:54
14456,Bolsas congelación grandes Bosque Verde,1.3,1.0,2025-11-06 19:46:54
49224,Bolsas congelación medianas Bosque Verde,0.85,1.0,2025-11-06 19:46:53
12895,Bolsas de basura compostables Bosque Verde 10L cubo pequeño,2.3,1.0,2025-11-06 19:47:17
12896,Bolsas de basura cubo alto Bosque Verde 30L cubo mediano,2.75,1.0,2025-11-06 19:47:18
14466,Bolsas de basura envases Bosque Verde 30L cubo mediano,2.2,1.0,2025-11-06 19:47:17
12914,Bolsas de basura extra Bosque Verde 30L cubo mediano,2.15,1.0,2025-11-06 19:47:14
11967,Bolsas de basura grande perfumadas Bosque Verde 50L cubo grande,2.1,1.0,2025-11-06 19:47:15
49703,Bolsas de basura jardín Bosque Verde 100L cubo industrial,2.65,1.0,2025-11-06 19:47:17
49704,Bolsas de basura mini Bosque Verde 10L cubo pequeño,1.35,1.0,2025-11-06 19:47:15
22985,Bolsas de basura mini Bosque Verde 5L cubo pequeño,1.3,1.0,2025-11-06 19:47:18
49750,Bolsas de basura perfumadas Bosque Verde 30L cubo mediano,1.65,1.0,2025-11-06 19:47:14
12897,Bolsas de basura saco Bosque Verde 100L cubo industrial,2.0,1.0,2025-11-06 19:47:18
49760,Bolsas para residuos caninos Nuske Doggy bags,1.3,45.0,2025-11-06 19:49:52
15777,Bolsas reutilizables Bosque Verde,1.2,4.0,2025-11-06 19:46:55
49074,Bolsas zip congelación grandes Bosque Verde,1.3,1.0,2025-11-06 19:46:54
49073,Bolsas zip congelación medianas Bosque Verde,1.2,1.0,2025-11-06 19:46:54
52466,Bolsitas antipolillas Lavanda Bosque Verde,1.55,1.0,2025-11-06 19:45:51
35909,Bombones cereza al licor Hacendado con chocolate negro,2.2,0.15,2025-11-06 19:31:46
86496,Bombones de chocolate con leche Lindor Lindt,9.95,0.2,2025-11-06 19:31:47
86406,Bombones de coco Cocolizze Hacendado,2.9,0.132,2025-11-06 19:31:48
12471,Bombones delicias de avellana Delizze Hacendado,3.9,0.216,2025-11-06 19:31:47
12157,Bombones Ferrero Rocher,6.9,0.2,2025-11-06 19:31:46
18116,Bonito del norte en aceite de oliva Hacendado,3.3,0.222,2025-11-06 19:38:57
23122,Boquerones al vinagre Hacendado en aceite de girasol,5.6,0.33,2025-11-06 19:49:26
52451,Boquerones aliñados Hacendado,1.7,0.08,2025-11-06 19:49:28
80405,Boquerones en vinagre Hacendado en aceite de girasol,1.65,0.08,2025-11-06 19:49:25
81661.2,Boquerón limpio sin cabeza,1.39,0.2,2025-11-06 19:49:20
81661.1,Boquerón sin limpiar,1.39,0.2,2025-11-06 19:49:20
71314,Borrador mágico Bosque Verde,1.45,1.0,2025-11-06 19:45:40
1393,Botifarrón de carne,2.62,0.35,2025-11-06 19:35:16
28526,Brandy de Jerez solera gran reserva Convidado de Baco,10.2,0.7,2025-11-06 19:33:07
28525,Brandy de Jerez solera reserva Convidado de Baco,6.0,0.7,2025-11-06 19:33:07
14917,Brillo de labios Lip Gloss Terra Deliplus 01 nude rosado,4.5,0.0055,2025-11-06 19:48:09
14918,Brillo de labios Lip Gloss Terra Deliplus 02 opal ciruela,4.5,0.0055,2025-11-06 19:48:09
35377,Brillo de labios Volumizer gloss Deliplus 01 transparente,5.0,0.004,2025-11-06 19:48:07
35378,Brillo de labios Volumizer gloss Deliplus 02 nude,5.0,0.004,2025-11-06 19:48:07
35379,Brillo de labios Volumizer gloss Deliplus 03 nude rosa,5.0,0.004,2025-11-06 19:48:08
35381,Brillo de labios Volumizer gloss Deliplus 05 rosa,5.0,0.004,2025-11-06 19:48:08
35382,Brillo de labios Volumizer gloss Deliplus 06 morado,5.0,0.004,2025-11-06 19:48:08
35383,Brillo de labios Volumizer gloss Deliplus 07 transparente con destellos,5.0,0.004,2025-11-06 19:48:08
13251,Brioche Listo para Comer,3.0,0.16,2025-11-06 19:51:42
35902,"Brochetas de pollo, pimiento verde y tocino de cerdo con varilla",3.11,0.37,2025-11-06 19:35:31
8320,Bronceador facial fluido Bronzer luminoso Deliplus 01,5.0,0.012,2025-11-06 19:47:48
86402,Bruma facial hidratante Mist Facial Clean con ácido hialurónico y niacinamida,3.5,0.1,2025-11-06 19:41:02
20532,Bruma facial multifuncional Make Up Fixer Celestial Night Deliplus,5.5,0.1,2025-11-06 19:47:45
69580,Brócoli,1.25,0.48,2025-11-06 19:44:05
61261,Brócoli Hacendado ultracongelado,2.1,1.0,2025-11-06 19:38:45
62320,Buey de mar cocido Hacendado congelado,11.68,0.715,2025-11-06 19:48:44
3979,Burger americana gruesas,3.2,0.36,2025-11-06 19:35:22
4079,Burger Crunchy Chicken,2.0,0.24,2025-11-06 19:35:23
52672,Burger de cerdo,2.9,0.54,2025-11-06 19:35:20
8839,Burger de cordero al romero,3.7,0.24,2025-11-06 19:35:23
3976,Burger de pavo y espinacas,2.4,0.24,2025-11-06 19:35:22
2622,Burger de pollo,3.95,0.54,2025-11-06 19:35:21
86911,Burger de pollo gruesa,3.2,0.36,2025-11-06 19:35:21
8840,Burger de vaca madurada,2.9,0.18,2025-11-06 19:35:23
2873,Burger de vacuno,5.9,0.54,2025-11-06 19:35:20
3547,Burger de vacuno gruesas,4.8,0.36,2025-11-06 19:35:21
2872,Burger de vacuno y cerdo,4.5,0.54,2025-11-06 19:35:20
4155,Burger de vacuno y cerdo con jamón y cebolla caramelizada,2.8,0.24,2025-11-06 19:35:21
15269,Burgers vegetales Hacendado con calabaza,2.0,0.16,2025-11-06 19:52:13
51218,Burrata fresca Hacendado,2.3,0.25,2025-11-06 19:37:35
6044,Butifarra fresca,3.78,0.64,2025-11-06 19:35:18
35798,Bálsamo after shave Sensitive Deliplus con aloe vera y 0% alcohol,1.6,0.1,2025-11-06 19:40:34
73850,Bálsamo after shave Sensitive Nivea Men 0% alcohol,5.95,0.1,2025-11-06 19:40:34
35336,Bálsamo labial Color Balm Deliplus 07 nude rosa,4.5,1.0,2025-11-06 19:48:05
35337,Bálsamo labial Color Balm Deliplus 08 nude beige,4.5,1.0,2025-11-06 19:48:05
35338,Bálsamo labial Color Balm Deliplus 09 rosa medio perlado,4.5,1.0,2025-11-06 19:48:06
8291,Bálsamo labial Color Balm Deliplus 10 coral,4.5,1.0,2025-11-06 19:48:06
8292,Bálsamo labial Color Balm Deliplus 11 rosa,4.5,1.0,2025-11-06 19:48:06
8290,Bálsamo labial Color Balm Deliplus 12 frambuesa,4.5,1.0,2025-11-06 19:48:06
11663,Bálsamo labial Color Balm Deliplus 13 perlado,4.5,1.0,2025-11-06 19:48:07
76480,Bálsamo oriental efecto calor Deliplus con vitamina E,3.0,0.03,2025-11-06 19:43:16
22804,Bálsamo reparador labios Deliplus,2.6,0.015,2025-11-06 19:47:55
21377,Bífidus cremoso desnatado natural edulcorado Hacendado 0% m.g 0% sin azúcares añadidos,1.4,0.75,2025-11-06 19:52:24
21319,Bífidus cremoso desnatado Tropical Hacendado 0% m.g. 0% sin azúcares añadidos,1.3,0.5,2025-11-06 19:52:22
67977,Bífidus cremoso probiótico con coco Hacendado,1.3,0.5,2025-11-06 19:52:24
21329,Bífidus desnatado con nueces y cereales Hacendado 0% m.g.,1.3,0.5,2025-11-06 19:52:21
23477,Bífidus desnatado natural Activia 0% m.g.,3.89,0.96,2025-11-06 19:52:25
23476,Bífidus desnatado natural edulcorado Activia 0% m.g.,3.89,0.96,2025-11-06 19:52:24
21193,Bífidus desnatado natural Hacendado 0% m.g  0% sin azúcares añadidos,1.15,0.75,2025-11-06 19:52:24
21330,Bífidus desnatado probiótico con frutos silvestres Hacendado 0% m.g. 0% sin azúcares añadidos,1.3,0.5,2025-11-06 19:52:22
21318,Bífidus desnatado probiótico con kiwi Hacendado 0% m.g. 0% sin azúcares añadidos,1.3,0.5,2025-11-06 19:52:21
21331,Bífidus desnatado probiótico con pera Hacendado 0% m.g. 0% azúcares añadidos,1.3,0.5,2025-11-06 19:52:23
21332,Bífidus desnatado probiótico con piña Hacendado 0% m.g. 0% sin azúcares añadidos,1.3,0.5,2025-11-06 19:52:23
21307,Bífidus natural Hacendado,1.2,0.75,2025-11-06 19:52:25
20859,Bífidus natural probiótico azucarado Hacendado con cereales y fresas deshidratadas,1.15,0.17,2025-11-06 19:52:25
21336,"Bífidus natural probiótico Hacendado con coco, almendras y chocolate",1.2,0.18,2025-11-06 19:52:26
21327,Bífidus probiótico con cereales y fibras Hacendado,1.3,0.5,2025-11-06 19:52:22
21312,Bífidus probiótico con ciruelas pasas Hacendado,1.3,0.5,2025-11-06 19:52:23
21311,Bífidus probiótico con mango Hacendado,1.3,0.5,2025-11-06 19:52:23
59364,Cabeza de cerdo finas lonchas Hacendado,1.7,0.15,2025-11-06 19:36:16
16862,Cabeza de cerdo trufa con pistachos Hacendado finas lonchas,2.25,0.15,2025-11-06 19:36:32
13738,Cacahuete +Proteínas en polvo desgrasado Hacendado 14 g proteínas 70% reducido en grasa,2.75,0.2,2025-11-06 19:51:35
34143,Cacahuete frito con miel Hacendado,1.65,0.2,2025-11-06 19:30:21
34820,Cacahuete frito con sal Hacendado pelado,1.0,0.25,2025-11-06 19:30:15
34868,Cacahuete frito y salado Hacendado con piel,1.3,0.25,2025-11-06 19:30:17
34016,Cacahuete tostado con sal Hacendado,1.65,0.4,2025-11-06 19:30:21
34031,Cacahuete tostado Hacendado 0% sal añadida,1.65,0.4,2025-11-06 19:30:19
13451,Cacahuete tostado Hacendado pelado 0% sal añadida,1.15,0.2,2025-11-06 19:30:28
12020,Cacahuetes Chocoiris Hacendado bañados de chocolate con leche coloreados,2.0,0.18,2025-11-06 19:31:41
12347,Cacahuetes Hacendado chocolate con leche,2.45,0.25,2025-11-06 19:31:41
12348,Cacahuetes Hacendado chocolate negro,2.45,0.25,2025-11-06 19:31:40
11609,Cacao en polvo a la taza Hacendado,1.85,0.4,2025-11-06 19:34:04
12017,Cacao en polvo a la taza Valor,4.1,0.5,2025-11-06 19:34:03
22580,Cacao puro en polvo La Chocolatera,4.95,0.265,2025-11-06 19:34:03
19846,Cacao soluble ColaCao original,16.99,2.2,2025-11-06 19:34:00
13021,Cacao soluble ColaCao original,7.0,0.76,2025-11-06 19:34:01
13019,Cacao soluble ColaCao original,4.4,0.383,2025-11-06 19:34:01
13037,Cacao soluble Hacendado,5.0,1.0,2025-11-06 19:34:02
13038,Cacao soluble Hacendado,2.8,0.5,2025-11-06 19:34:03
8911,Cacao soluble instantáneo Hacendado,4.7,1.0,2025-11-06 19:34:01
8914,Cacao soluble instantáneo Hacendado,2.8,0.5,2025-11-06 19:34:01
67739,Cacao soluble instantáneo Nesquik,16.4,2.7,2025-11-06 19:33:59
13204,Cacao soluble instantáneo Nesquik,5.85,1.0,2025-11-06 19:33:59
13216,Cacao soluble instantáneo Nesquik,3.95,0.39,2025-11-06 19:34:00
52810,Cachopo de vacuno con jamón y queso sin gluten,4.43,0.25,2025-11-06 19:35:36
10666,Café con leche cappuccino Hacendado,0.85,0.25,2025-11-06 19:34:28
10672,Café con leche descafeinado Hacendado,0.85,0.25,2025-11-06 19:34:29
23405,Café con leche en cápsula descafeinado Hacendado,3.55,0.152,2025-11-06 19:34:10
11801,Café con leche en cápsula Dolce Gusto,4.25,0.16,2025-11-06 19:34:09
86348,Café con leche en cápsula Hacendado,3.55,0.1536,2025-11-06 19:34:09
11871,Café con leche en cápsula Tassimo,5.89,0.184,2025-11-06 19:34:13
10644,Café con leche espresso Hacendado,0.85,0.25,2025-11-06 19:34:29
10642,Café con leche light sin lactosa Hacendado,0.85,0.25,2025-11-06 19:34:28
67659,Café cortado en cápsula Hacendado,3.55,0.0928,2025-11-06 19:34:10
52775,Café en cápsula cappuccino Hacendado,3.55,0.1856,2025-11-06 19:34:11
13634,Café en cápsula classic Hacendado,3.55,0.112,2025-11-06 19:34:08
9847,Café en cápsula Colombia Hacendado,3.9,0.108,2025-11-06 19:34:05
11785,Café en cápsula cortado Dolce Gusto,4.25,0.1008,2025-11-06 19:34:09
11875,Café en cápsula cortado Tassimo,5.89,0.184,2025-11-06 19:34:12
13596,Café en cápsula descafeinado espresso Hacendado,3.95,0.104,2025-11-06 19:34:06
11869,Café en cápsula descafeinado espresso intenso Dolce Gusto,4.25,0.0992,2025-11-06 19:34:08
10355,Café en cápsula descafeinado Hacendado,3.95,0.104,2025-11-06 19:34:04
23293,Café en cápsula descafeinado Hacendado,3.55,0.112,2025-11-06 19:34:10
11874,Café en cápsula descafeinado Tassimo,5.89,0.1184,2025-11-06 19:34:12
22801,Café en cápsula doble espresso Hacendado,3.55,0.128,2025-11-06 19:34:11
10352,Café en cápsula espresso Hacendado,3.9,0.104,2025-11-06 19:34:05
11931,Café en cápsula espresso intenso Dolce Gusto,4.25,0.112,2025-11-06 19:34:07
11873,Café en cápsula espresso Tassimo,5.89,0.1184,2025-11-06 19:34:11
13636,Café en cápsula extra forte Hacendado,3.55,0.112,2025-11-06 19:34:07
10350,Café en cápsula extra fuerte Hacendado,3.9,0.104,2025-11-06 19:34:04
13635,Café en cápsula forte Hacendado,3.55,0.112,2025-11-06 19:34:08
11872,Café en cápsula largo Tassimo,5.89,0.1328,2025-11-06 19:34:12
10351,Café en cápsula ristretto Hacendado,3.9,0.106,2025-11-06 19:34:05
11918,Café en cápsula ristretto napoli Dolce Gusto,4.25,0.128,2025-11-06 19:34:09
14383,Café en cápsula sabor Caramel Hacendado,2.4,0.05,2025-11-06 19:34:07
52774,Café en cápsulas doble espresso Hacendado,3.9,0.11,2025-11-06 19:34:06
11077,Café en grano extra fuerte Hacendado,11.5,1.0,2025-11-06 19:34:24
13594,Café en grano natural Hacendado,11.5,1.0,2025-11-06 19:34:19
52491,Café en grano natural Hacendado descafeinado,13.0,1.0,2025-11-06 19:34:19
11715,Café molido Colombia Hacendado,3.6,0.25,2025-11-06 19:34:17
11745,Café molido descafeinado Climent,3.9,0.25,2025-11-06 19:34:18
13593,Café molido descafeinado Hacendado,5.6,0.5,2025-11-06 19:34:16
13592,Café molido descafeinado Hacendado,2.85,0.25,2025-11-06 19:34:16
11744,Café molido descafeinado Hacendado Espresso,3.8,0.25,2025-11-06 19:34:18
11171,Café molido fuerte Hacendado,2.75,0.25,2025-11-06 19:34:15
15922,Café molido mezcla Hacendado,5.6,0.5,2025-11-06 19:34:15
15923,Café molido mezcla Hacendado,2.85,0.25,2025-11-06 19:34:15
11752,Café molido mezcla Hacendado Espresso,3.6,0.25,2025-11-06 19:34:17
11845,Café molido mezcla Marcilla crème express,5.45,0.25,2025-11-06 19:34:18
11753,Café molido natural Bonka,4.5,0.25,2025-11-06 19:34:16
11810,Café molido natural Cafés Valiente,4.9,0.25,2025-11-06 19:34:17
11740,Café molido natural Climent,3.4,0.25,2025-11-06 19:34:19
13700,Café molido natural fuerte Hacendado,5.4,0.5,2025-11-06 19:34:15
11178,Café molido natural Hacendado,5.4,0.5,2025-11-06 19:34:14
11172,Café molido natural Hacendado,2.75,0.25,2025-11-06 19:34:14
11714,Café molido natural Hacendado Espresso,3.6,0.25,2025-11-06 19:34:17
11777,Café monodosis descafeinado natural Hacendado,3.3,0.224,2025-11-06 19:34:13
11730,Café monodosis mezcla Hacendado,3.4,0.224,2025-11-06 19:34:13
11770,Café monodosis natural Hacendado,3.0,0.224,2025-11-06 19:34:13
67660,Café soluble cappuccino caramelo Hacendado,3.0,0.25,2025-11-06 19:34:28
23406,Café soluble cappuccino Hacendado,2.75,0.25,2025-11-06 19:34:27
11049,Café soluble classic en sobres Hacendado,1.1,0.02,2025-11-06 19:34:25
22163,Café soluble Classic Hacendado,4.7,0.2,2025-11-06 19:34:24
22718,Café soluble Classic Hacendado,2.95,0.1,2025-11-06 19:34:25
11051,Café soluble descafeinado en sobres Hacendado,1.2,0.02,2025-11-06 19:34:26
22164,Café soluble descafeinado Hacendado,4.95,0.2,2025-11-06 19:34:26
22719,Café soluble descafeinado Hacendado,3.15,0.1,2025-11-06 19:34:26
11101,Café soluble descafeinado Nescafé classic,8.5,0.2,2025-11-06 19:34:27
11104,Café soluble descafeinado Nescafé classic,5.4,0.1,2025-11-06 19:34:27
11123,Café soluble Espresso Creme Hacendado,2.9,0.08,2025-11-06 19:34:27
11136,Café soluble natural Nescafé classic,8.5,0.2,2025-11-06 19:34:25
11111,Café soluble natural Nescafé classic,5.4,0.1,2025-11-06 19:34:26
69339,Calabacín blanco,0.86,0.39,2025-11-06 19:43:58
69338,Calabacín verde,0.74,0.4,2025-11-06 19:43:57
3527,Calabaza cacahuete cortada a trozos,2.11,0.52,2025-11-06 19:44:08
18713,Calamar en salsa americana Hacendado,2.8,0.24,2025-11-06 19:39:01
18714,Calamar en tinta Hacendado,3.1,0.24,2025-11-06 19:39:01
24417,Calamar grande Hacendado congelado,3.5,0.2,2025-11-06 19:49:02
63432,Calamar patagónico pequeño Hacendado ultracongelado,4.5,,2025-11-06 19:49:02
87177,Calamar pequeño limpio patagónico,6.0,0.3,2025-11-06 19:49:17
24242,Calamar troceado limpio Hacendado congelado,4.95,,2025-11-06 19:49:00
22860,Caldo de carne Hacendado en pastillas,0.9,0.12,2025-11-06 19:39:30
7026,Caldo de cocido casero Gallina Blanca,2.2,1.0,2025-11-06 19:39:28
52768,Caldo de cocido Hacendado,0.9,1.0,2025-11-06 19:39:30
7021,Caldo de marisco o fideuá para paella Hacendado con sofrito,2.0,1.0,2025-11-06 19:39:29
7325,Caldo de pescado Hacendado,1.0,1.0,2025-11-06 19:39:28
7305,Caldo de pescado Hacendado en pastillas,0.9,0.12,2025-11-06 19:39:31
7014,Caldo de pollo Avecrem en pastillas,2.95,0.24,2025-11-06 19:39:30
7024,Caldo de pollo casero Gallina Blanca,2.2,1.0,2025-11-06 19:39:27
7313,Caldo de pollo Hacendado,0.8,1.0,2025-11-06 19:39:27
7031,Caldo de pollo Hacendado bajo en sal,1.2,1.0,2025-11-06 19:39:29
7867,Caldo de pollo Hacendado en pastillas,1.45,0.24,2025-11-06 19:39:31
7032,Caldo de verduras Hacendado,1.0,1.0,2025-11-06 19:39:28
15592,Caldo de verduras Hacendado en pastillas,0.9,0.12,2025-11-06 19:39:31
7035,Caldo para paella de carne Hacendado con sofrito,2.25,1.0,2025-11-06 19:39:29
14790,Calendario Adviento 24 Makeup  Treasures Deliplus,25.0,1.0,2025-11-06 19:48:36
67786,Callos a la madrileña Hacendado,2.45,0.38,2025-11-06 19:52:07
2179,Callos preparados de ternera Rogusa,4.1,0.5,2025-11-06 19:35:35
24267,Camarón boreal cocido y pelado Royal Greenland ultracongelado,4.25,0.2,2025-11-06 19:48:42
60654,Cambiador multiusos desechable Deliplus,4.15,10.0,2025-11-06 19:32:32
52880,Canela en rama Hacendado,1.5,0.019,2025-11-06 19:28:34
34177,Canela molida Hacendado,1.0,0.052,2025-11-06 19:28:34
86601,Canelones de carne Hacendado ultracongelados,5.93,1.1,2025-11-06 19:37:43
86600,Canelones de carne Hacendado ultracongelados,3.24,0.6,2025-11-06 19:37:43
4493,Canelones de carne y boletus Hacendado,3.7,0.35,2025-11-06 19:51:57
69719,Canónigos lavados,1.2,0.125,2025-11-06 19:43:38
5919,Caquis maduros,1.95,0.3,2025-11-06 19:43:37
84663,Caracola con pasas 10%,0.9,0.103,2025-11-06 19:50:01
62303,Caracoles precocidos Hacendado ultracongelados,3.95,0.35,2025-11-06 19:48:49
32316,Caramelo líquido Hacendado,1.75,0.3,2025-11-06 19:51:34
65017,Caramelo Pikotas masticable Dulciora,1.45,0.1,2025-11-06 19:31:53
65311,Caramelos blandos Fruits Hacendado,1.6,0.3,2025-11-06 19:31:26
65123,Caramelos café Hacendado 0% azúcares,1.15,0.09,2025-11-06 19:31:24
13987,Caramelos con palo Mix Hacendado sabor cereza y fresa,1.2,0.0794,2025-11-06 19:31:27
65298,Caramelos cítricos mix Halls sin azúcar,2.95,0.128,2025-11-06 19:31:25
65326,Caramelos eucaliptus mentol Respiral Halls,1.95,0.15,2025-11-06 19:31:25
19909,Caramelos Fruits & Flowers Hacendado 0% azúcares,1.35,0.09,2025-11-06 19:31:28
65143,Caramelos jengibre y própolis Hacendado 0% azúcares,1.35,0.09,2025-11-06 19:31:26
65328,Caramelos limón mentol Respiral Halls,1.95,0.15,2025-11-06 19:31:25
65324,Caramelos miel sabor limón Pifarré,1.15,0.125,2025-11-06 19:31:26
65302,Caramelos nata Hacendado 0% azúcares,1.15,0.09,2025-11-06 19:31:24
65299,Caramelos original Halls,2.95,0.128,2025-11-06 19:31:25
65327,Caramelos regaliz mentol Respiral Halls,1.95,0.15,2025-11-06 19:31:26
65138,Caramelos sabor eucalipto y mentol Hacendado 0% azúcares,1.0,0.09,2025-11-06 19:31:24
12771,Caramelos sabor eucalipto y mentol Hacendado 0% azúcares,1.5,0.093,2025-11-06 19:31:27
12766,Caramelos sabor lima Hacendado 0% azúcares,1.5,0.093,2025-11-06 19:31:27
12056,Carbón vegetal Bosque Verde,3.9,2.5,2025-11-06 19:47:01
2855,Carcasa de pollo certificado alimentado con un 50% de maíz,2.03,0.75,2025-11-06 19:34:53
2853,Carcasa y espinazo de pollo,1.23,0.95,2025-11-06 19:34:49
61206,Cardo Hacendado ultracongelado,1.65,0.45,2025-11-06 19:38:46
11511,Carne de cerdo Pulled Pork Hacendado sabor barbacoa,2.5,0.2,2025-11-06 19:52:03
62396,Carne de mejillón de Chile cocido Hacendado ultracongelado,2.35,,2025-11-06 19:48:46
34157,Carne de pimiento choricero Hacendado,1.55,0.14,2025-11-06 19:29:01
2632,Carpaccio de vacuno,4.1,0.11,2025-11-06 19:35:27
2810,Carrillada de cerdo,6.55,0.5,2025-11-06 19:35:03
4425,Carrillada de cerdo congelada,5.75,0.46,2025-11-06 19:35:01
21101,Carrillada de vacuno congelado,10.5,0.6,2025-11-06 19:37:47
5940,Castañas,3.5,0.5,2025-11-06 19:44:12
34194,Castañas cocidas y peladas Hacendado,1.4,0.1,2025-11-06 19:30:21
64145,Castañas heladas de nata Hacendado,3.0,0.32,2025-11-06 19:37:51
28969,Cava brut Anna Codorníu,9.15,0.75,2025-11-06 19:33:20
28921,Cava brut Cabré & Sabaté,3.2,0.75,2025-11-06 19:33:19
22977,Cava brut Cabré & Sabaté,1.75,0.2,2025-11-06 19:33:20
28908,Cava brut nature Jaume Serra,3.95,0.75,2025-11-06 19:33:20
28938,Cava brut nature reserva vintage Cabré & Sabaté,4.7,0.75,2025-11-06 19:33:21
28949,Cava brut Señorío De Requena,3.55,0.75,2025-11-06 19:33:20
28939,Cava semi seco Cabré & Sabaté,3.2,0.75,2025-11-06 19:33:21
28959,Cava semi seco Cabré & Sabaté Ice,4.1,0.75,2025-11-06 19:33:22
28006,Cava semi seco Freixenet,6.95,0.75,2025-11-06 19:33:21
28951,Cava semi seco Señorío De Requena,3.55,0.75,2025-11-06 19:33:21
34178,Cayena guindillas Hacendado,1.36,0.027,2025-11-06 19:28:36
37417,Cayena molida Hacendado,1.65,0.055,2025-11-06 19:28:36
85793,Caña de cacao Hacendado,0.55,0.1,2025-11-06 19:50:21
52992,Caña de hojaldre rellena de crema sabor vainilla Hacendado con cobertura de cacao,1.7,0.255,2025-11-06 19:50:18
58166,Caña de lomo cebo ibérico La Hacienda del ibérico,22.5,0.5,2025-11-06 19:36:46
58260,Caña de lomo cebo ibérico La Hacienda del ibérico,72.0,1.6,2025-11-06 19:36:47
52749,Cebolla caramelizada Hacendado,1.7,0.19,2025-11-06 19:39:15
34138,Cebolla en polvo Hacendado,0.94,0.06,2025-11-06 19:28:35
34208,Cebolla frita crujiente Hacendado,1.15,0.15,2025-11-06 19:28:33
5399,Cebolla roja Olives García en vinagre,3.15,0.72,2025-11-06 19:30:10
13568,Cebolla troceada Hacendado ultracongelada,1.04,0.45,2025-11-06 19:38:40
69079,Cebollas,2.95,2.0,2025-11-06 19:43:49
69089,Cebollas,1.7,1.0,2025-11-06 19:43:49
69155,Cebollas dulces,2.2,1.0,2025-11-06 19:43:50
69162,Cebollas rojas,1.4,0.5,2025-11-06 19:43:50
69139,Cebollas tiernas,1.45,1.0,2025-11-06 19:43:49
69286,Cebollino,1.8,0.02,2025-11-06 19:44:05
33141,Cebollitas Hacendado,1.6,0.35,2025-11-06 19:30:11
59101,Cecina ahumada natural Embutidos Pajariel lonchas,4.2,0.1,2025-11-06 19:36:52
15637,Cepillo de uñas Deliplus,1.9,1.0,2025-11-06 19:42:31
9823,Cepillo dental Duro Deliplus,1.1,1.0,2025-11-06 19:41:52
12838,Cepillo dental Eléctrico Oral-B Vitality Pro Precision Clean,24.0,1.0,2025-11-06 19:41:55
35406,Cepillo dental Infantil Deliplus,0.9,1.0,2025-11-06 19:41:53
9822,Cepillo dental Medio Deliplus,1.1,1.0,2025-11-06 19:41:52
11631,Cepillo dental Medio Deliplus + Action,1.5,1.0,2025-11-06 19:41:54
52472,Cepillo dental Sensitive Deliplus encías y dientes sensibles,1.3,1.0,2025-11-06 19:41:53
9821,Cepillo dental Suave Deliplus,1.1,1.0,2025-11-06 19:41:52
79576,Cepillo limpiabiberón y tetina Deliplus,2.5,1.0,2025-11-06 19:32:24
86643,Cepillo para lavar con asa Bosque Verde,1.9,1.0,2025-11-06 19:47:26
35714,Cepillos interdentales Extrafinos cónicos Deliplus,1.5,1.0,2025-11-06 19:41:56
35733,Cepillos interdentales Finos cónicos Deliplus,1.5,1.0,2025-11-06 19:41:57
35703,Cepillos interdentales Micro Deliplus,1.5,1.0,2025-11-06 19:42:00
35639,Cera cabello Brillo Deliplus fijación 4,3.1,0.1,2025-11-06 19:40:31
14433,Cera cabello Mate Deliplus fijación 4,3.1,0.1,2025-11-06 19:40:30
67534,Cera caliente en tarro Deliplus piel sensible,4.1,0.25,2025-11-06 19:41:16
12932,Cera facial caliente en tarro Deliplus piel sensible,3.75,0.1,2025-11-06 19:41:16
13995,Cera Multisuperficies Bosque Verde,4.5,1.0,2025-11-06 19:46:22
2813,Cerdo a tacos,3.22,0.56,2025-11-06 19:35:05
15611,Cereales avena Crunchy Hacendado,1.9,0.4,2025-11-06 19:35:46
52751,Cereales avena Crunchy Hacendado de cacao,2.15,0.4,2025-11-06 19:35:46
9532,Cereales Cereal Mix Hacendado 0% azúcares añadidos,2.4,0.375,2025-11-06 19:35:46
60236,Cereales con salvado de trigo Fibra Sticks Hacendado,1.8,0.5,2025-11-06 19:35:44
22966,Cereales copos de maíz Corn Flakes Hacendado 0% azúcares añadidos,1.5,0.5,2025-11-06 19:35:39
9210,Cereales copos de maíz Corn Flakes Kellogg's,3.0,0.5,2025-11-06 19:35:39
9508,Cereales copos de trigo Chocodays Hacendado con chocolate,2.0,0.5,2025-11-06 19:35:40
9571,Cereales copos de trigo espelta integral Hacendado 0% azúcares añadidos,1.7,0.4,2025-11-06 19:35:42
9488,Cereales copos de trigo integral y arroz Hacendado 0% azúcares añadidos,2.0,0.5,2025-11-06 19:35:41
9487,Cereales copos de trigo integral y arroz Hacendado bañados en chocolate con leche,2.65,0.375,2025-11-06 19:35:42
35707,Cereales copos de trigo integral y arroz Special K Classic,2.5,0.45,2025-11-06 19:35:41
52772,Cereales copos tostados de trigo integral y arroz Hacendado con chocolate,2.4,0.425,2025-11-06 19:35:43
35987,Cereales de arroz inflado Choco Krispies Kellogg's con chocolate,3.55,0.42,2025-11-06 19:35:39
80515,Cereales estrellas de maíz Stars Hacendado con miel,2.1,0.4,2025-11-06 19:35:38
9377,Cereales rellenos de chocolate y avellana Hacendado,2.1,0.5,2025-11-06 19:35:38
9547,Cereales rellenos de crema de cacao y avellana Hacendado sin gluten,2.25,0.4,2025-11-06 19:35:40
9264,Cereales rellenos de leche Hacendado,2.4,0.5,2025-11-06 19:35:38
11187,Cereales solubles con achicoria Hacendado,2.15,0.15,2025-11-06 19:34:30
9474,Cereales y semillas granola Hacendado con frutos secos,2.4,0.4,2025-11-06 19:35:44
9776,"Cerveza 0,0% sin alcohol El Águila sin filtrar",5.34,1.98,2025-11-06 19:32:59
9777,"Cerveza 0,0% sin alcohol El Águila sin filtrar",0.89,0.33,2025-11-06 19:33:00
66394,"Cerveza 0,0% sin alcohol Falke",2.16,1.5,2025-11-06 19:32:58
15990,"Cerveza 0,0% sin alcohol Falke",0.36,0.25,2025-11-06 19:32:58
66392,"Cerveza 0,0% sin alcohol Falke",4.32,3.96,2025-11-06 19:33:00
66393,"Cerveza 0,0% sin alcohol Falke",0.36,0.33,2025-11-06 19:33:01
27187,"Cerveza 0,0% sin alcohol San Miguel",3.3,1.5,2025-11-06 19:32:58
60581,"Cerveza 0,0% sin alcohol San Miguel",0.56,0.25,2025-11-06 19:32:58
12913,"Cerveza 0,0% sin alcohol tostada Falke",3.68,2.64,2025-11-06 19:33:01
13418,"Cerveza 0,0% sin alcohol tostada Falke",0.46,0.33,2025-11-06 19:33:01
66558,"Cerveza 0,0% sin alcohol tostada Mahou",6.9,1.98,2025-11-06 19:32:59
67026,"Cerveza 0,0% sin alcohol tostada Mahou",1.15,0.33,2025-11-06 19:32:59
66447,Cerveza Amstel,6.24,3.96,2025-11-06 19:32:38
66445,Cerveza Amstel,0.74,0.33,2025-11-06 19:32:38
86046,Cerveza Amstel,10.26,6.0,2025-11-06 19:32:46
28069,Cerveza Amstel,1.71,1.0,2025-11-06 19:32:46
66413,Cerveza Amstel,5.4,3.0,2025-11-06 19:32:46
15859,Cerveza Amstel,0.52,0.25,2025-11-06 19:32:46
66027,Cerveza clásica Mahou,6.96,3.96,2025-11-06 19:32:39
27178,Cerveza clásica Mahou,0.77,0.33,2025-11-06 19:32:40
66462,Cerveza Clásica Steinburg,3.72,3.96,2025-11-06 19:32:37
66463,Cerveza Clásica Steinburg,0.31,0.33,2025-11-06 19:32:37
66465,Cerveza Clásica Steinburg,5.7,6.0,2025-11-06 19:32:47
66466,Cerveza Clásica Steinburg,0.95,1.0,2025-11-06 19:32:47
22467,Cerveza Clásica Steinburg,3.96,3.0,2025-11-06 19:32:47
22489,Cerveza Clásica Steinburg,0.33,0.25,2025-11-06 19:32:47
5396,Cerveza con aguardiente de agave Desperados,6.0,1.5,2025-11-06 19:32:55
5397,Cerveza con aguardiente de agave Desperados,1.03,0.25,2025-11-06 19:32:56
66172,Cerveza Corona,7.92,2.13,2025-11-06 19:32:54
27355,Cerveza Corona,1.5,0.355,2025-11-06 19:32:54
52853,Cerveza de trigo Paulaner,7.38,1.98,2025-11-06 19:32:52
52854,Cerveza de trigo Paulaner,1.29,0.33,2025-11-06 19:32:52
66432,Cerveza doble malta 1897,3.18,1.98,2025-11-06 19:32:43
66433,Cerveza doble malta 1897,0.53,0.33,2025-11-06 19:32:43
28057,Cerveza doble malta Voll-Damm,4.74,1.98,2025-11-06 19:32:40
27137,Cerveza doble malta Voll-Damm,0.79,0.33,2025-11-06 19:32:40
13895,Cerveza El Águila sin filtrar,5.34,1.98,2025-11-06 19:32:49
27456,Cerveza El Águila sin filtrar,0.89,0.33,2025-11-06 19:32:50
60315,Cerveza especial 18/70 La Rubia,4.2,1.5,2025-11-06 19:32:51
60316,Cerveza especial 18/70 La Rubia,0.7,0.25,2025-11-06 19:32:52
66586,Cerveza especial Estrella Galicia,7.4,3.3,2025-11-06 19:32:44
27357,Cerveza especial Estrella Galicia,0.89,0.33,2025-11-06 19:32:44
66587,Cerveza especial Estrella Galicia,8.04,3.0,2025-11-06 19:32:50
15936,Cerveza especial Estrella Galicia,0.68,0.25,2025-11-06 19:32:50
9826,Cerveza especial Mahou,8.3,3.3,2025-11-06 19:32:39
27136,Cerveza especial Mahou,0.85,0.33,2025-11-06 19:32:39
86866,Cerveza especial mini Mahou,4.92,2.4,2025-11-06 19:32:51
86867,Cerveza especial mini Mahou,0.59,0.2,2025-11-06 19:32:51
66026,Cerveza especial San Miguel,5.4,3.96,2025-11-06 19:32:41
27103,Cerveza especial San Miguel,0.5,0.33,2025-11-06 19:32:41
86311,Cerveza especial sin gluten Falke,4.4,2.64,2025-11-06 19:32:45
86312,Cerveza especial sin gluten Falke,0.55,0.33,2025-11-06 19:32:45
12033,Cerveza especial Steinburg,4.08,3.96,2025-11-06 19:32:42
12036,Cerveza especial Steinburg,0.34,0.33,2025-11-06 19:32:42
52652,Cerveza especial Steinburg,4.68,3.0,2025-11-06 19:32:53
52653,Cerveza especial Steinburg,0.39,0.25,2025-11-06 19:32:53
66009,Cerveza extra 1906 reserva especial,7.38,1.98,2025-11-06 19:32:50
67092,Cerveza extra 1906 reserva especial,1.24,0.33,2025-11-06 19:32:51
27679,Cerveza Heineken,5.52,2.64,2025-11-06 19:32:38
27100,Cerveza Heineken,0.86,0.33,2025-11-06 19:32:38
27114,Cerveza Heineken,3.72,1.5,2025-11-06 19:32:48
70745,Cerveza Heineken,0.7,0.25,2025-11-06 19:32:49
66469,Cerveza Pils Krombacher,3.9,1.98,2025-11-06 19:32:42
66470,Cerveza Pils Krombacher,0.65,0.33,2025-11-06 19:32:42
86313,"Cerveza Radler Falke 0,0% sin alcohol",3.6,2.64,2025-11-06 19:32:56
86314,"Cerveza Radler Falke 0,0% sin alcohol",0.45,0.33,2025-11-06 19:32:57
66783,Cerveza Radler Steinburg con zumo natural de limón,4.92,3.96,2025-11-06 19:32:54
66554,Cerveza Radler Steinburg con zumo natural de limón,0.41,0.33,2025-11-06 19:32:54
27150,Cerveza reserva 1925 Alhambra,7.98,1.98,2025-11-06 19:32:48
66518,Cerveza reserva 1925 Alhambra,1.49,0.33,2025-11-06 19:32:48
66770,Cerveza Shandy Steinburg sabor limón,4.2,3.96,2025-11-06 19:32:55
66771,Cerveza Shandy Steinburg sabor limón,0.35,0.33,2025-11-06 19:32:55
23694,Cerveza sin alcohol Falke,4.32,3.96,2025-11-06 19:33:00
23695,Cerveza sin alcohol Falke,0.36,0.33,2025-11-06 19:33:00
11620,"Cerveza sin gluten 0,0% sin alcohol tostada Mahou",6.32,2.64,2025-11-06 19:33:01
11621,"Cerveza sin gluten 0,0% sin alcohol tostada Mahou",0.8,0.33,2025-11-06 19:33:02
66485,Cerveza Suave Steinburg,3.6,3.96,2025-11-06 19:32:41
66486,Cerveza Suave Steinburg,0.3,0.33,2025-11-06 19:32:41
86315,Cerveza tostada 1897,3.0,1.98,2025-11-06 19:32:44
86316,Cerveza tostada 1897,0.5,0.33,2025-11-06 19:32:45
60600,Cerveza tostada Turia,8.28,3.96,2025-11-06 19:32:43
60980,Cerveza tostada Turia,0.84,0.33,2025-11-06 19:32:44
67154,Cerveza tostada Turia,7.8,3.0,2025-11-06 19:32:49
67031,Cerveza tostada Turia,0.65,0.25,2025-11-06 19:32:49
69672,Champiñones grandes,2.45,0.43,2025-11-06 19:44:01
16618,Champiñones laminados Hacendado,1.0,0.355,2025-11-06 19:39:08
69519,Champiñones laminados limpios,2.11,0.32,2025-11-06 19:44:00
69651,Champiñones pequeños,1.54,0.3,2025-11-06 19:44:00
69664,Champiñones Portobello,2.16,0.3,2025-11-06 19:44:02
16625,Champiñón entero Hacendado,1.45,0.355,2025-11-06 19:39:09
16616,Champiñón laminado Hacendado,1.8,0.45,2025-11-06 19:39:09
35397,Champú anticaspa Citric Ultrex cabello graso,2.3,0.36,2025-11-06 19:39:54
20955,Champú anticaspa Citrus Fresh H&S cabello graso,3.95,0.33,2025-11-06 19:39:53
20956,Champú anticaspa Menthol Fresh H&S,3.95,0.33,2025-11-06 19:39:53
35398,Champú anticaspa Menthol Ultrex todo tipo de cabello,2.3,0.36,2025-11-06 19:39:54
11585,Champú Anticaída Fortificante Deliplus,2.05,0.4,2025-11-06 19:39:52
44337,Champú Argan Oil Deliplus cabello seco y dañado,2.05,0.4,2025-11-06 19:39:48
86076,Champú Color Intense Deliplus cabello teñido o con mechas,2.05,0.4,2025-11-06 19:39:49
52800,Champú Color Vive Elvive cabello teñido o con mechas,3.45,0.3,2025-11-06 19:39:50
22629,Champú Curl Perfect Deliplus cabello rizado,2.35,0.4,2025-11-06 19:39:50
44330,Champú Dermo Sensitive Deliplus cuero cabelludo sensible,2.05,0.4,2025-11-06 19:39:50
44296,Champú Detox Deliplus cabello graso,2.05,0.4,2025-11-06 19:39:48
44280,Champú Extra Suave Deliplus todo tipo de cabello,1.8,0.75,2025-11-06 19:39:51
52801,Champú Hidra Hialurónico Elvive cabello deshidratado,3.45,0.3,2025-11-06 19:39:52
52931,Champú Hydra hyaluronic Deliplus cabello de normal a seco,1.8,0.4,2025-11-06 19:39:49
13065,Champú infantil Deliplus,1.95,0.4,2025-11-06 19:32:26
44320,Champú infantil Kids 3 en 1 Deliplus,1.7,0.3,2025-11-06 19:39:54
7942,Champú Liso Keratina TRESemmé cabello encrespado o dañado,2.95,0.35,2025-11-06 19:39:52
44281,Champú Liss Frizz Control Deliplus cabello rebelde,1.8,0.4,2025-11-06 19:39:49
44335,Champú Natural Deliplus todo tipo de cabello,2.05,0.4,2025-11-06 19:39:49
8925,Champú perros y gatos con aloe vera Nuske efecto repelente,3.5,0.31,2025-11-06 19:49:52
67794,Champú Plex Repair Deliplus cabello muy dañado,2.35,0.4,2025-11-06 19:39:51
35419,Champú protección y brillo Deliplus todo tipo de cabello,1.6,1.0,2025-11-06 19:39:47
67800,Champú Protect Triple Action Deliplus preventivo y protector,2.5,0.3,2025-11-06 19:39:55
46568,Champú Repair & Nutrition Deliplus cabello seco y dañado,2.05,0.4,2025-11-06 19:39:47
35612,Champú Repara & Protege Pantene cabello débil y dañado,3.15,0.3,2025-11-06 19:39:48
44233,Champú seco O'lysee,2.0,0.2,2025-11-06 19:39:50
86306,"Champú Silver Blond Deliplus cabello rubio, decolorado y grises,",2.75,0.4,2025-11-06 19:39:52
20954,Champú y acondicionador anticaspa Classic 2 en 1 H&S,3.95,0.33,2025-11-06 19:39:53
35399,Champú y acondicionador anticaspa Classic 2 en 1 Ultrex todo tipo de cabello,2.3,0.36,2025-11-06 19:39:54
44286,Champú Zero Deliplus todo tipo de cabello,2.05,0.4,2025-11-06 19:39:51
52614,Chicles eucalipto gragea Hacendado,1.0,0.045,2025-11-06 19:31:23
65164,Chicles fresa gragea Hacendado,1.0,0.045,2025-11-06 19:31:22
65165,Chicles fresa gragea Hacendado,1.95,0.1,2025-11-06 19:31:22
65161,Chicles hierbabuena gragea Hacendado,1.0,0.045,2025-11-06 19:31:21
65172,Chicles hierbabuena gragea Hacendado,1.95,0.1,2025-11-06 19:31:21
65139,Chicles hierbabuena lámina Hacendado,1.0,0.031,2025-11-06 19:31:21
65177,Chicles jengibre gragea Hacendado,1.0,0.045,2025-11-06 19:31:23
52754,"Chicles Melones ácidos Hacendado sabor melón, fresa, melocotón y frambuesa",1.15,0.1,2025-11-06 19:31:24
65235,Chicles menta fuerte gragea Hacendado,1.0,0.045,2025-11-06 19:31:20
65067,Chicles menta fuerte gragea Hacendado,1.95,0.1,2025-11-06 19:31:20
65147,Chicles menta suave gragea Hacendado,1.0,0.045,2025-11-06 19:31:21
65135,Chicles original sabor frutas gragea Hacendado,1.0,0.045,2025-11-06 19:31:22
65140,Chicles sandía lámina Hacendado,1.0,0.031,2025-11-06 19:31:22
65213,Chicles XXL gragea Hacendado,1.8,0.1,2025-11-06 19:31:23
23137,Chili con carne Hacendado,2.8,0.42,2025-11-06 19:29:00
26775,Chipirones enharinados Hacendado ultracongelado,4.8,0.325,2025-11-06 19:48:57
23560,Chipirones rellenos enteros en aceite de girasol Hacendado,2.25,0.115,2025-11-06 19:39:02
3817,Chirimoya,1.23,0.35,2025-11-06 19:43:33
81443,Chirla,4.35,0.5,2025-11-06 19:48:47
2864,Chistorra,1.55,0.22,2025-11-06 19:35:17
12543,Chocolate blanco fundir Hacendado,2.25,0.2,2025-11-06 19:50:37
22408,Chocolate blanco Fussion Hacendado relleno con cremoso de coco y almendras troceadas,1.35,0.1,2025-11-06 19:31:38
9891,Chocolate blanco Fussion Hacendado relleno de crema de galleta y cacao,1.35,0.11,2025-11-06 19:31:39
12476,Chocolate blanco Hacendado,1.15,0.1,2025-11-06 19:31:38
15101,Chocolate con leche classic Hacendado extrafino,1.3,0.125,2025-11-06 19:31:37
12562,Chocolate con leche extrafino Nestlé,1.95,0.125,2025-11-06 19:31:34
12533,Chocolate con leche fundir Hacendado,2.4,0.2,2025-11-06 19:50:40
86798,Chocolate con leche Fussion Hacendado relleno crema de fresa,1.35,0.11,2025-11-06 19:31:36
15527,"Chocolate con leche Fussion Hacendado relleno cremoso, avellanas y barquillo crujiente",1.35,0.1,2025-11-06 19:31:37
70756,Chocolate con leche Fussion Hacendado relleno de galleta caramelizada,1.35,0.11,2025-11-06 19:31:37
19988,Chocolate con leche Hacendado almendras enteras,2.5,0.15,2025-11-06 19:31:37
15633,Chocolate con leche Hacendado avellanas troceadas,1.65,0.15,2025-11-06 19:31:35
12151,Chocolate con leche Milka,2.15,0.15,2025-11-06 19:31:34
12016,Chocolate con leche Milka galleta,4.5,0.3,2025-11-06 19:31:36
12107,Chocolate con leche Valor almendras enteras,4.6,0.25,2025-11-06 19:31:35
12946,Chocolate extrafino con leche Hacendado 0% azúcares añadidos,1.35,0.1,2025-11-06 19:31:35
12037,Chocolate extrafino con leche Hacendado almendras enteras,2.0,0.2,2025-11-06 19:31:34
10005,Chocolate líquido a la taza Hacendado,2.35,1.0,2025-11-06 19:34:03
70652,Chocolate negro 55% cacao Hacendado,1.75,0.15,2025-11-06 19:31:33
40358,Chocolate negro 55% cacao Hacendado con almendras,2.6,0.2,2025-11-06 19:31:30
12530,Chocolate negro 70% cacao fundir Hacendado 0% azúcares añadidos,3.4,0.2,2025-11-06 19:50:40
22703,Chocolate negro 72% cacao Hacendado con trozos de naranja,1.95,0.1,2025-11-06 19:31:32
23773,Chocolate negro 72% de cacao Hacendado,1.85,0.1,2025-11-06 19:31:29
29062,Chocolate negro 72% de cacao Hacendado con almendras enteras,3.05,0.2,2025-11-06 19:31:32
9820,Chocolate negro 72% de cacao Hacendado con almendras enteras,3.05,0.15,2025-11-06 19:31:34
12524,Chocolate negro 85% cacao extrafino y edulcorante Hacendado 0% azúcares añadidos,2.35,0.1,2025-11-06 19:31:33
60722,Chocolate negro 85% cacao Hacendado,1.95,0.1,2025-11-06 19:31:28
12531,Chocolate negro fundir Hacendado,2.4,0.2,2025-11-06 19:50:35
12126,Chocolate puro Valor,5.25,0.3,2025-11-06 19:31:30
12130,Chocolate puro Valor con almendras enteras,4.6,0.25,2025-11-06 19:31:31
12431,Chocolatinas de chocolate negro Royal Mints 49% rellenas de crema sabor a menta,2.4,0.2,2025-11-06 19:31:31
59333,Chopped cerdo Hacendado lonchas,1.4,0.25,2025-11-06 19:36:30
59340,Chopped cocido en lata Hacendado finas lonchas,1.7,0.15,2025-11-06 19:36:30
59332,Chopped Hacendado,2.25,0.5,2025-11-06 19:36:30
6046,Chorizo aperitivo,2.59,0.3,2025-11-06 19:35:19
59154,Chorizo asturiano,2.8,0.25,2025-11-06 19:34:42
58160,Chorizo cular ibérico extra La Hacienda del ibérico,9.5,0.5,2025-11-06 19:36:43
58264,Chorizo cular ibérico extra La Hacienda del ibérico,18.62,0.98,2025-11-06 19:36:43
58388,Chorizo de bellota ibérico cular cortado a máquina,3.33,0.09,2025-11-06 19:36:42
58387,Chorizo de bellota ibérico extra cular Juan del Roble,31.05,1.15,2025-11-06 19:36:44
58265,Chorizo de cebo ibérico cortado a máquina,2.61,0.09,2025-11-06 19:36:42
59158,Chorizo de pavo extra Hacendado lonchas,2.8,0.15,2025-11-06 19:36:40
54105,Chorizo de Tarancón Bricio,3.2,1.0,2025-11-06 19:36:43
54209,Chorizo dulce extra Hacendado,2.49,0.28,2025-11-06 19:36:42
59086,Chorizo extra Hacendado lonchas,2.1,0.24,2025-11-06 19:36:40
59080,Chorizo extra pimienta Hacendado finas lonchas,1.85,0.1,2025-11-06 19:36:42
60699,Chorizo ibérico extra La Hacienda del ibérico lonchas,2.3,0.125,2025-11-06 19:36:40
6048,Chorizo oreado,2.57,0.36,2025-11-06 19:35:16
12073,Chorizo Pamplona extra Hacendado lonchas,2.05,0.24,2025-11-06 19:36:40
6047,Chorizo picante aperitivo,2.6,0.3,2025-11-06 19:35:19
54210,Chorizo picante extra Hacendado,2.49,0.28,2025-11-06 19:36:41
12084,Chorizo picante extra Hacendado lonchas,2.5,0.24,2025-11-06 19:36:41
23145,Chorizo sarta extra ahumado De León,4.3,0.35,2025-11-06 19:36:44
23146,Chorizo sarta extra picante De León,4.3,0.35,2025-11-06 19:36:44
16717,Chucrut al estilo bávaro Hengstenberg,2.2,0.68,2025-11-06 19:39:15
4900,Chuletas aguja de cerdo,4.2,0.75,2025-11-06 19:35:09
4334,Chuletas cordero de lechal congeladas,15.4,0.55,2025-11-06 19:37:47
23305,Chuletas de cerdo sajonia,3.67,0.39,2025-11-06 19:35:35
4363,Chuletas de cordero palo y riñonada,12.47,0.43,2025-11-06 19:35:13
4523,Chuletas de pavo contramuslo,4.72,0.66,2025-11-06 19:34:44
4901,Chuletas lomo de cerdo,3.55,0.55,2025-11-06 19:35:09
79663,Chupete silicona reversible Deliplus +0 a 6 meses,2.5,1.0,2025-11-06 19:32:24
79497,Chupete silicona reversible Deliplus +18 meses,2.5,1.0,2025-11-06 19:32:25
79493,Chupete silicona reversible Deliplus +6 a 18 meses luminiscente,2.5,1.0,2025-11-06 19:32:25
14485,Churrasquito de vacuno añojo,3.47,0.165,2025-11-06 19:35:29
15545,Churros Hacendado ultracongelados,1.5,0.5,2025-11-06 19:38:35
62323,Cigala cruda grande Hacendado ultracongelado,16.95,0.5,2025-11-06 19:48:44
62322,Cigala cruda mediana Hacendado ultracongelada,10.95,0.4,2025-11-06 19:48:43
69690,Cilantro,1.25,0.02,2025-11-06 19:44:04
34721,Cilantro Hacendado,1.85,0.012,2025-11-06 19:28:29
73128,Cinta dental con cera y sabor menta,2.5,1.0,2025-11-06 19:41:59
3649,Ciruela amarilla,0.56,0.14,2025-11-06 19:43:35
20020,Ciruelas desecadas sin hueso Hacendado,2.14,0.25,2025-11-06 19:30:32
31312,Claras de huevo líquidas pasteurizadas,2.85,1.0,2025-11-06 19:44:30
31309,Claras de huevo líquidas pasteurizadas,1.7,0.3,2025-11-06 19:44:30
34122,Clavo en grano Hacendado,1.75,0.042,2025-11-06 19:28:38
23414,Cloro 5 acciones disolución lenta tabletas para piscina,28.3,5.0,2025-11-06 19:46:16
80320,Cloro rápido granulado para piscina,32.5,5.0,2025-11-06 19:46:14
85028,Cocas Cidoncha congeladas,2.41,0.36,2025-11-06 19:51:54
85827,Cocas de dacsa Susana congeladas,1.89,0.55,2025-11-06 19:51:54
52990,Cocido Hacendado,1.9,0.42,2025-11-06 19:52:10
34047,Cocktail crunchy sabores Hacendado,1.75,0.2,2025-11-06 19:30:29
34924,Cocktail fruta deshidratada Hacendado,1.6,0.2,2025-11-06 19:30:30
14926,Cocktail galletitas de aperitivo Hacendado,1.65,0.3,2025-11-06 19:30:44
30138,Cocktail mezcla aperitivos fritos Hacendado,1.0,0.1,2025-11-06 19:30:46
34231,Cocktail mezcla Hacendado,1.75,0.3,2025-11-06 19:30:28
86809,Cocktail natural Hacendado,2.8,0.2,2025-11-06 19:30:29
11513,Cocktail rodeo Hacendado,1.85,0.3,2025-11-06 19:30:29
80450,Cocktail rumba Hacendado,1.75,0.3,2025-11-06 19:30:30
60015,Cocktail tostado 0% sal añadida Hacendado,2.8,0.2,2025-11-06 19:30:30
60009,Cocktail tostado y ahumado Hacendado,2.8,0.2,2025-11-06 19:30:30
34035,Coco rallado Hacendado,1.3,0.125,2025-11-06 19:51:34
13710,Codillo de cerdo asado Hacendado,4.67,0.73,2025-11-06 19:52:01
2796,Codornices,4.2,0.35,2025-11-06 19:34:45
69582,Cogollos corazón de lechuga,2.0,6.0,2025-11-06 19:43:41
69581,Cogollos de lechuga,1.05,3.0,2025-11-06 19:43:39
24340,Cola de rape del Cabo sin piel Hacendado ultracongelada,8.98,,2025-11-06 19:48:54
24102,Colas de gambón crudo Hacendado congelado,6.55,0.25,2025-11-06 19:48:45
69379,Coles de bruselas,2.5,0.5,2025-11-06 19:44:00
61248,Coles de Bruselas Hacendado ultracongeladas,1.65,0.45,2025-11-06 19:38:48
52422,Colgador antipolillas Lavanda Bosque Verde,1.55,1.0,2025-11-06 19:45:51
52423,Colgador antipolillas Ropa Limpia Bosque Verde,1.55,1.0,2025-11-06 19:45:51
43484,Colgador WC Azul limpieza activa Bosque Verde,1.25,0.08,2025-11-06 19:46:27
43474,Colgador WC Azul perfume marino Bosque Verde,1.25,0.08,2025-11-06 19:46:26
19907,Colgador WC Maxigotas Dália Bosque Verde,1.3,0.08,2025-11-06 19:46:30
8264,Colgador WC Maxigotas Spa Bosque Verde,1.3,0.08,2025-11-06 19:46:30
35926,Colgador WC Power Activ Pino Bref,2.95,0.1,2025-11-06 19:46:30
69220,Coliflor,2.77,1.26,2025-11-06 19:43:59
61231,Coliflor Hacendado ultracongelada,2.13,1.0,2025-11-06 19:38:48
61006,"Coliflor, brócoli y zanahoria Hacendado ultracongelada",2.0,1.0,2025-11-06 19:38:48
73252,Coloración permanente 0% amoníaco 1 negro Colorcor,3.9,1.0,2025-11-06 19:39:56
73253,Coloración permanente 0% amoníaco 1.88 negro azulado intenso Colorcor,3.9,1.0,2025-11-06 19:39:57
73273,Coloración permanente 0% amoníaco 10.0 rubio extra claro Colorcor,3.9,1.0,2025-11-06 19:40:15
73274,Coloración permanente 0% amoníaco 101 rubio platino ceniza Colorcor,3.9,1.0,2025-11-06 19:40:16
73014,Coloración permanente 0% amoníaco 3 castaño oscuro Colorcor,3.9,1.0,2025-11-06 19:39:58
73256,Coloración permanente 0% amoníaco 4.15 chocolate helado Colorcor,3.9,1.0,2025-11-06 19:40:00
73257,Coloración permanente 0% amoníaco 5 castaño claro Colorcor,3.9,1.0,2025-11-06 19:40:00
22693,Coloración permanente 0% amoníaco 5.1 castaño claro ceniza Colorcor,3.9,1.0,2025-11-06 19:40:01
73258,Coloración permanente 0% amoníaco 5.35 chocolate Colorcor,3.9,1.0,2025-11-06 19:40:01
73259,Coloración permanente 0% amoníaco 5.69 violín Colorcor,3.9,1.0,2025-11-06 19:40:18
73260,Coloración permanente 0% amoníaco 6.0 rubio oscuro luminoso Colorcor,3.9,1.0,2025-11-06 19:40:03
22694,Coloración permanente 0% amoníaco 6.1 rubio oscuro ceniza Colorcor,3.9,1.0,2025-11-06 19:40:04
86414,Coloración permanente 0% amoníaco 6.34 caramelo miel Colorcor,3.9,1.0,2025-11-06 19:40:05
73261,Coloración permanente 0% amoníaco 6.6 rubio oscuro rojizo Colorcor,3.9,1.0,2025-11-06 19:40:19
73262,Coloración permanente 0% amoníaco 6.74 marrón cobrizo Colorcor,3.9,1.0,2025-11-06 19:40:20
72000,Coloración permanente 0% amoníaco 7 rubio Colorcor,3.9,1.0,2025-11-06 19:40:06
73264,Coloración permanente 0% amoníaco 7.0 rubio medio luminoso Colorcor,3.9,1.0,2025-11-06 19:40:07
22695,Coloración permanente 0% amoníaco 7.1 rubio medio ceniza Colorcor,3.9,1.0,2025-11-06 19:40:08
73265,Coloración permanente 0% amoníaco 7.13 rubio beige Colorcor,3.9,1.0,2025-11-06 19:40:08
73266,Coloración permanente 0% amoníaco 7.44 rubio cobrizo Colorcor,3.9,1.0,2025-11-06 19:40:20
73268,Coloración permanente 0% amoníaco 8.0 rubio claro luminoso Colorcor,3.9,1.0,2025-11-06 19:40:10
22696,Coloración permanente 0% amoníaco 8.1 rubio claro ceniza Colorcor,3.9,1.0,2025-11-06 19:40:11
73269,Coloración permanente 0% amoníaco 8.31 rubio miel Colorcor,3.9,1.0,2025-11-06 19:40:13
73270,Coloración permanente 0% amoníaco 8.66 rojo rubí Colorcor,3.9,1.0,2025-11-06 19:40:21
73272,Coloración permanente 0% amoníaco 9.0 rubio muy claro luminoso Colorcor,3.9,1.0,2025-11-06 19:40:13
22697,Coloración permanente 0% amoníaco 9.1 rubio muy claro ceniza Colorcor,3.9,1.0,2025-11-06 19:40:14
73182,Coloración permanente 1 negro Colorcor,3.9,1.0,2025-11-06 19:39:56
77783,Coloración permanente 1.0 ultra negro Color Sensation,3.9,1.0,2025-11-06 19:39:57
73184,Coloración permanente 10 rubio extra claro Colorcor,3.9,1.0,2025-11-06 19:40:14
75625,Coloración permanente 10 rubio muy claro Excellence Creme,8.9,1.0,2025-11-06 19:40:15
73185,Coloración permanente 100 rubio platino natural Colorcor,3.9,1.0,2025-11-06 19:40:16
73147,Coloración permanente 101 rubio platino ceniza Colorcor,3.9,1.0,2025-11-06 19:40:16
77799,Coloración permanente 110 rubio extra claro ceniza Color Sensation,3.9,1.0,2025-11-06 19:40:16
73149,Coloración permanente 2.10 negro azulado Colorcor,3.9,1.0,2025-11-06 19:39:57
73150,Coloración permanente 3 castaño oscuro Colorcor,3.9,1.0,2025-11-06 19:39:57
75301,Coloración permanente 3 castaño oscuro Excellence Creme,8.9,1.0,2025-11-06 19:39:58
77787,Coloración permanente 3.16 violín intenso Color Sensation,3.9,1.0,2025-11-06 19:40:17
73255,Coloración permanente 4 castaño 0% amoníaco Colorcor,3.9,1.0,2025-11-06 19:39:59
75302,Coloración permanente 4 castaño Excellence Creme,8.9,1.0,2025-11-06 19:39:59
73195,Coloración permanente 4 castaño medio Colorcor,3.9,1.0,2025-11-06 19:39:58
73153,Coloración permanente 4.15 chocolate helado Colorcor,3.9,1.0,2025-11-06 19:39:59
73154,Coloración permanente 4.5 caoba oscuro Colorcor,3.9,1.0,2025-11-06 19:40:17
73196,Coloración permanente 5 castaño claro Colorcor,3.9,1.0,2025-11-06 19:40:00
75303,Coloración permanente 5 castaño claro Excellence Creme,8.9,1.0,2025-11-06 19:40:00
77791,Coloración permanente 5.0 castaño luminoso Color Sensation,3.9,1.0,2025-11-06 19:40:01
73415,Coloración permanente 5.20 violín Colorcor,3.9,1.0,2025-11-06 19:40:17
78595,Coloración permanente 5.35 castaño canela Color Sensatión,3.9,1.0,2025-11-06 19:40:01
73159,Coloración permanente 5.77 castaño claro marrón intenso Colorcor,3.9,1.0,2025-11-06 19:40:02
73160,Coloración permanente 5.79 marrón chocolate Colorcor,3.9,1.0,2025-11-06 19:40:02
73197,Coloración permanente 6 rubio oscuro Colorcor,3.9,1.0,2025-11-06 19:40:02
75304,Coloración permanente 6 rubio oscuro Excellence Creme,8.9,1.0,2025-11-06 19:40:02
77794,Coloración permanente 6.0  rubio oscuro Color Sensation,3.9,1.0,2025-11-06 19:40:03
75319,Coloración permanente 6.1 rubio ceniza oscuro Excellence Creme,8.9,1.0,2025-11-06 19:40:04
73162,Coloración permanente 6.1 rubio oscuro ceniza Colorcor,3.9,1.0,2025-11-06 19:40:03
73163,Coloración permanente 6.15 marrón macadamia Colorcor,3.9,1.0,2025-11-06 19:40:04
73164,Coloración permanente 6.25 marrón avellana Colorcor,3.9,1.0,2025-11-06 19:40:04
73165,Coloración permanente 6.35 marrón caramelo Colorcor,3.9,1.0,2025-11-06 19:40:05
77795,Coloración permanente 6.35 rubio caramelo Color Sensation,3.9,1.0,2025-11-06 19:40:05
73166,Coloración permanente 6.4 rubio oscuro cobrizo Colorcor,3.9,1.0,2025-11-06 19:40:18
77796,Coloración permanente 6.60 rojo intenso Color Sensation,3.9,1.0,2025-11-06 19:40:19
73167,Coloración permanente 6.60 rojo pasión Colorcor,3.9,1.0,2025-11-06 19:40:19
73192,Coloración permanente 7 1/2.1 rubio medio ceniza Colorcor,3.9,1.0,2025-11-06 19:40:08
75305,Coloración permanente 7 rubio Excellence Creme,8.9,1.0,2025-11-06 19:40:06
73168,Coloración permanente 7 rubio medio Colorcor,3.9,1.0,2025-11-06 19:40:06
75309,Coloración permanente 7.1 rubio ceniza Excellence Creme,8.9,1.0,2025-11-06 19:40:07
73169,Coloración permanente 7.1 rubio medio ceniza Colorcor,3.9,1.0,2025-11-06 19:40:07
75310,Coloración permanente 7.3 rubio dorado Excellence Creme,8.9,1.0,2025-11-06 19:40:08
73170,Coloración permanente 7.3 rubio medio dorado Colorcor,3.9,1.0,2025-11-06 19:40:09
73198,Coloración permanente 7.31 nude beige Colorcor,3.9,1.0,2025-11-06 19:40:09
73171,Coloración permanente 7.40 rubio cobrizo intenso Colorcor,3.9,1.0,2025-11-06 19:40:20
73172,Coloración permanente 7.43 cobre cálido Colorcor,3.9,1.0,2025-11-06 19:40:20
73173,Coloración permanente 7.77 rubio marrón intenso Colorcor,3.9,1.0,2025-11-06 19:40:09
73194,Coloración permanente 8 1/2.1 rubio claro ceniza Colorcor,3.9,1.0,2025-11-06 19:40:12
73174,Coloración permanente 8 rubio claro Colorcor,3.9,1.0,2025-11-06 19:40:10
75306,Coloración permanente 8 rubio claro Excellence Creme,8.9,1.0,2025-11-06 19:40:10
73175,Coloración permanente 8.1 rubio claro ceniza Colorcor,3.9,1.0,2025-11-06 19:40:11
75311,Coloración permanente 8.1 rubio claro ceniza Excellence Creme,8.9,1.0,2025-11-06 19:40:11
73176,Coloración permanente 8.3 rubio claro dorado Colorcor,3.9,1.0,2025-11-06 19:40:12
73199,Coloración permanente 8.31 nude arena Colorcor,3.9,1.0,2025-11-06 19:40:12
73177,Coloración permanente 8.44 rubio claro cobrizo Colorcor,3.9,1.0,2025-11-06 19:40:21
73178,Coloración permanente 8.6 rojo intenso Colorcor,3.9,1.0,2025-11-06 19:40:21
73179,Coloración permanente 9 rubio clarísimo Colorcor,3.9,1.0,2025-11-06 19:40:13
75315,Coloración permanente 9.1 rubio claro claro ceniza Excellence Creme,8.9,1.0,2025-11-06 19:40:14
73180,Coloración permanente 9.1 rubio clarísimo ceniza Colorcor,3.9,1.0,2025-11-06 19:40:13
73181,Coloración permanente 9.3 rubio clarísimo dorado Colorcor,3.9,1.0,2025-11-06 19:40:14
34182,Colorante alimentario Hacendado,0.95,0.085,2025-11-06 19:28:29
80399,Colorete compacto Blush Luminoso Deliplus 01 rosa,5.0,1.0,2025-11-06 19:47:47
80422,Colorete compacto Blush Luminoso Deliplus 03 dorado,5.0,1.0,2025-11-06 19:47:47
80395,Colorete compacto Blush Mate Deliplus 02 coral,5.0,0.005,2025-11-06 19:47:46
80396,Colorete compacto Blush Mate Deliplus 03 rojo,5.0,0.005,2025-11-06 19:47:46
80398,Colorete compacto Blush Satin Deliplus 02 natural,5.0,1.0,2025-11-06 19:47:47
12906,Colorete compacto Blush Satin Deliplus 04 multicolor coral,5.0,1.0,2025-11-06 19:47:47
8317,Colorete fluido Blush luminoso Deliplus 01,5.0,0.012,2025-11-06 19:47:48
8318,Colorete fluido Blush luminoso Deliplus 02,5.0,0.012,2025-11-06 19:47:48
12819,Colorete fluido Blush mate Deliplus 01 rosa amarronado,5.0,0.012,2025-11-06 19:47:49
12825,Colorete fluido Blush mate Deliplus 02 coral,5.0,0.012,2025-11-06 19:47:49
12832,Colorete fluido Blush mate Deliplus 03 rosa,5.0,0.012,2025-11-06 19:47:50
12833,Colorete fluido Blush mate Deliplus 04 rojo,5.0,0.012,2025-11-06 19:47:50
35588,Colágeno soluble sabor limón Colagen,5.3,0.25,2025-11-06 19:43:04
22177,Combinado de aperitivos Hacendado,1.6,0.2,2025-11-06 19:30:43
16833,"Combinado frutos secos, frutas desecadas y semillas de calabaza Hacendado",2.6,0.2,2025-11-06 19:30:29
15987,"Comida gato adulto Compy con pollo, ternera, frutas y verduras",12.5,10.0,2025-11-06 19:49:36
15986,"Comida gato adulto Compy con pollo, ternera, frutas y verduras",2.95,2.0,2025-11-06 19:49:36
15983,"Comida gato adulto Compy con salmón, atún, frutas y verduras",13.5,10.0,2025-11-06 19:49:36
15982,"Comida gato adulto Compy con salmón, atún, frutas y verduras",3.1,2.0,2025-11-06 19:49:36
15742,"Comida gato adulto esterilizado light Compy con pollo, frutas y verduras",3.4,1.5,2025-11-06 19:49:37
15560,"Comida gato adulto esterilizado light Supreme Compy con pollo fresco, frutas y verduras",5.8,1.5,2025-11-06 19:49:37
13714,"Comida gato adulto Supreme Compy con pollo, frutas y verduras",5.8,1.5,2025-11-06 19:49:37
13715,"Comida gato adulto Supreme Compy con salmón, frutas y verduras",5.8,1.5,2025-11-06 19:49:37
15640,"Comida gato júnior Compy con pollo, frutas y verduras",3.3,1.5,2025-11-06 19:49:35
23174,"Comida gato sénior Supreme Compy con pollo fresco, frutas y verduras",6.3,1.5,2025-11-06 19:49:38
15974,"Comida perro adulto Compy con pollo, ternera, frutas y verduras",19.5,18.0,2025-11-06 19:49:47
15972,"Comida perro adulto Compy con pollo, ternera, frutas y verduras",6.5,4.0,2025-11-06 19:49:47
15970,"Comida perro adulto Compy con pollo, ternera, frutas y verduras",6.0,3.0,2025-11-06 19:49:47
15973,"Comida perro adulto Compy con salmón, atún, frutas y verduras",7.0,4.0,2025-11-06 19:49:49
38297,"Comida perro adulto Compy con ternera, pollo, verduras y arroz",16.95,18.0,2025-11-06 19:49:46
52101,Comida perro adulto Compy original,13.1,18.0,2025-11-06 19:49:48
15979,Comida perro adulto Supreme Compy pollo fresco con frutas y verduras,24.5,10.0,2025-11-06 19:49:50
15978,Comida perro adulto Supreme Compy pollo fresco con frutas y verduras,9.5,3.0,2025-11-06 19:49:50
15976,Comida perro adulto Supreme Compy pollo fresco con frutas y verduras,5.25,1.5,2025-11-06 19:49:51
15981,Comida perro adulto Supreme Compy salmón fresco con frutas y verduras,26.5,10.0,2025-11-06 19:49:49
15980,Comida perro adulto Supreme Compy salmón fresco con frutas y verduras,10.5,3.0,2025-11-06 19:49:50
15977,Comida perro adulto Supreme Compy salmón fresco con frutas y verduras,6.0,1.5,2025-11-06 19:49:50
23204,"Comida perro júnior Compy con pollo, arroz, frutas y verduras",7.0,4.0,2025-11-06 19:49:46
23207,"Comida perro júnior Supreme Compy con pollo fresco, frutas y verduras",6.0,1.5,2025-11-06 19:49:49
23171,Comida perro sénior esterilizados Supreme Compy pollo fresco con frutas y verduras,5.25,1.5,2025-11-06 19:49:49
23206,"Comida perro sénior y adultos esterilizados Supreme Compy con pollo, frutas y verduras",7.0,4.0,2025-11-06 19:49:48
34121,Comino en grano Hacendado,1.95,0.056,2025-11-06 19:28:34
34120,Comino molido Hacendado,1.2,0.058,2025-11-06 19:28:34
53011,Compango,2.6,0.25,2025-11-06 19:34:39
47312,Compresa con alas noche Ausonia,2.5,1.0,2025-11-06 19:42:05
47348,Compresa con alas noche Deliplus Suave,1.15,1.0,2025-11-06 19:42:02
47383,Compresa con alas noche plegada Deliplus Classic,1.4,1.0,2025-11-06 19:42:01
