id,name,last_price,unit_size,last_update
84397,10 Pasteles de boniato 57%,3.5,0.37,2026-01-13 07:38:44
84815,10 Pasteles de cabello de Ángel 57%,3.5,0.37,2025-12-31 19:51:38
5841,11 Panecillos,1.14,0.495,2026-02-11 20:21:18
84629,12 Mini croissants de mantequilla,2.15,0.24,2026-02-11 20:20:38
84638,12 Mini saladas surtidas,1.25,0.195,2026-02-11 20:20:45
60354,2 Panes integrales 100% fino,1.4,0.165,2026-02-11 20:21:19
84597,24 Mini saladas surtidas,2.5,0.39,2026-02-11 20:20:45
83203.1,3 Barras de pan,1.19,0.75,2026-02-11 20:21:12
83232.1,3 Barras de pan aceite de oliva,1.51,0.6,2026-02-11 20:21:12
83232.2,3 Barras de pan aceite de oliva rebanadas,1.51,0.6,2026-02-11 20:21:21
83203.2,3 Barras de pan rebanadas,1.19,0.75,2026-02-11 20:21:20
9664,3 Bocadillos,1.04,0.39,2026-02-11 20:21:15
12985,3 Susos relleno de crema,1.65,0.153,2026-02-11 20:20:42
69737,3 Vegetales para microondas lavados,1.85,0.3,2026-02-11 20:16:11
6459,4 Panes chapata de cristal,1.3,0.284,2026-02-11 20:21:16
5850,4 Panes de cristal redondos cortados 100 % natural,1.85,0.24,2026-02-11 20:21:19
83452,5 Barras de pan 51% integral,1.35,0.625,2026-02-11 20:21:16
84688,6 Croissant rellenos de cacao,1.75,0.28,2026-02-11 20:20:39
84676,6 Mini empanadillas de pisto,1.75,0.2,2026-02-11 20:20:46
22388,6 Panecillos integrales 100%,1.05,0.27,2026-02-11 20:21:18
83056,6 Panes de centeno 51%,1.47,0.465,2026-02-11 20:21:17
14431,6 Panes de leche 3%,1.51,0.48,2026-02-11 20:21:17
83292,6 Panes pulguitas sin aditivos,1.05,0.24,2026-02-11 20:21:17
43861,70% Alcohol de Limpieza Perfumado Bosque Verde,2.3,1.0,2026-02-11 20:17:55
43112,70% Alcohol limpieza hogar Bosque Verde,2.6,0.75,2026-02-11 20:17:57
84937,8 Croissants surtidos rellenos de crema de cacao y crema con leche sabor a chocolate blanco,2.55,0.3,2026-02-11 20:20:43
84684,8 Magdalenas con azúcar,2.7,0.38,2026-02-11 20:20:40
84900,8 Magdalenas con pepitas de chocolate,3.1,0.38,2026-02-11 20:20:40
12586,99% cacao negro Hacendado,2.6,0.1,2026-02-11 20:04:39
42314,Abrillantador lavavajillas líquido Bosque Verde,1.2,0.75,2026-02-11 20:18:00
86652,Abrillantador lavavajillas líquido Finish,3.95,0.4,2026-02-11 20:18:02
13994,Abrillantador suelos Bosque Verde,2.5,1.0,2026-02-11 20:17:42
72878,Absorbeolores en gel para frigorífico Bosque Verde,1.8,1.0,2026-02-11 20:17:31
16831,Absorbeolores Ropa Limpia Bosque Verde,0.8,1.0,2026-02-11 20:17:31
79217,Aceite corporal aloe vera Deliplus,1.65,0.4,2026-02-11 20:13:02
46815,Aceite corporal de almendras Deliplus 100% natural,3.4,0.2,2026-02-11 20:13:03
46816,Aceite corporal de romero Deliplus 100% natural,3.2,0.2,2026-02-11 20:13:03
46831,Aceite corporal rosa mosqueta Deliplus,4.8,0.03,2026-02-11 20:13:04
4193,Aceite de coco virgen Hacendado,5.25,0.45,2026-02-11 20:01:49
4041,"Aceite de girasol refinado 0,2º Hacendado",8.45,5.0,2026-02-11 20:01:49
4040,"Aceite de girasol refinado 0,2º Hacendado",1.75,1.0,2026-02-11 20:01:49
4241,"Aceite de oliva 0,4º Hacendado",19.75,5.0,2026-02-11 20:01:43
4240,"Aceite de oliva 0,4º Hacendado",4.1,1.0,2026-02-11 20:01:43
4641,Aceite de oliva 1º Hacendado,20.85,5.0,2026-02-11 20:01:45
4640,Aceite de oliva 1º Hacendado,4.35,1.0,2026-02-11 20:01:45
4717,Aceite de oliva virgen extra Hacendado,14.55,3.0,2026-02-11 20:01:44
4740,Aceite de oliva virgen extra Hacendado,4.95,1.0,2026-02-11 20:01:44
4718,Aceite de oliva virgen extra Hacendado,2.7,0.2,2026-02-11 20:01:46
4706,Aceite de oliva virgen extra Hacendado Gran Selección,5.95,0.75,2026-02-11 20:01:45
4850,Aceite de oliva virgen extra Picual Casa Juncal,4.85,0.5,2026-02-11 20:01:47
4711,Aceite de oliva virgen Hacendado,12.85,3.0,2026-02-11 20:01:46
4749,Aceite de oliva virgen Hacendado,4.45,1.0,2026-02-11 20:01:46
52590,Aceite de Ricino Deliplus,3.45,0.03,2026-02-11 20:15:16
46844,Aceite en crema corporal oriental Deliplus,3.0,0.25,2026-02-11 20:13:03
8822,Aceite facial doble limpieza Facial Clean desmaquillante y limpiador,3.75,0.15,2026-02-11 20:13:21
19874,Aceite labial Lip Oil glow infusion Deliplus 01 nude,4.5,0.004,2025-12-20 07:38:02
19873,Aceite labial Lip Oil glow infusion Deliplus 02 cherry,4.5,0.004,2025-12-20 07:38:02
23017,Aceite árbol del té 100% puro Deliplus con pipeta dosificadora,3.0,0.01,2026-02-11 20:15:10
21756,Aceitunas negras de Aragón Campo Nature,2.5,0.2,2026-02-11 20:03:26
8309,Aceitunas negras en rodajas Hacendado,2.0,0.148,2026-02-11 20:03:26
52734,Aceitunas negras sin hueso Hacendado,1.05,0.35,2026-02-11 20:03:25
52733,Aceitunas negras sin hueso Hacendado,3.0,1.05,2026-02-11 20:03:26
33168,Aceitunas verdes Chupadedos Huerta de Barros partidas aliñadas,3.4,0.98,2026-02-11 20:03:22
33205,Aceitunas verdes con hueso Hacendado,1.5,0.43,2026-02-11 20:03:24
33120,Aceitunas verdes con hueso Hacendado sabor anchoa,2.95,0.935,2026-02-11 20:03:24
13422,Aceitunas verdes estilo casero Hacendado partidas aliñadas,2.95,0.94,2026-02-11 20:03:23
80177,Aceitunas verdes Gazpacha Hacendado partidas,2.5,0.835,2026-02-11 20:03:22
86100,Aceitunas verdes partidas Olives Garcia,3.9,0.815,2026-02-11 20:03:25
52622,Aceitunas verdes Picadedos sin hueso Hacendado aliñadas,3.8,0.71,2026-02-11 20:03:25
22910,Aceitunas verdes rellenas de anchoa Hacendado,3.0,1.05,2026-02-11 20:03:21
23217,Aceitunas verdes rellenas de anchoa Hacendado,1.8,0.36,2026-02-11 20:03:21
22911,Aceitunas verdes rellenas de anchoa Hacendado,1.05,0.35,2026-02-11 20:03:22
12764,Aceitunas verdes rellenas de anchoa Hacendado,3.35,0.83,2026-02-11 20:03:23
33078,Aceitunas verdes rellenas de anchoa Hacendado reducidas en sal,1.95,0.36,2025-12-02 07:21:20
33178,Aceitunas verdes rellenas de jalapeño Hacendado,1.75,0.35,2026-02-11 20:03:24
11946,Aceitunas verdes rellenas de pepinillo Hacendado,2.85,0.315,2026-02-11 20:03:25
23708,Aceitunas verdes rellenas de pimiento asado Hacendado,1.75,0.35,2026-02-09 07:56:24
33121,Aceitunas verdes sin hueso aliñadas Hacendado,1.9,0.42,2026-02-11 20:03:24
33053,Aceitunas verdes sin hueso Hacendado,2.8,0.81,2026-02-11 20:03:22
33114,Aceitunas verdes sin hueso Hacendado,1.7,0.525,2026-02-11 20:03:23
69698,Acelgas,2.15,0.8,2026-02-11 20:16:08
69725,Acelgas cortadas y lavadas,1.35,0.3,2026-02-11 20:16:05
16314,Acelgas troceadas Hacendado,1.75,0.66,2026-02-11 20:11:37
52933,Acondicionador instantáneo Hydra hyaluronic Deliplus cabello de normal a seco,2.0,0.25,2026-02-11 20:12:01
9970,Acondicionador instantáneo Kids Deliplus,1.7,0.25,2026-02-11 20:12:00
44326,Acondicionador instantáneo Repair & Nutrition Deliplus cabello seco y dañado,3.0,0.4,2026-02-11 20:12:00
7943,Acondicionador Liso Keratina TRESemmé cabello encrespado o dañado,2.95,0.35,2026-02-11 20:12:01
75532,Acondicionador Protector Color Vive Elvive cabello teñido o con mechas,3.4,0.25,2026-02-11 20:12:00
44363,Acondicionador Repair & Nutrition Deliplus cabello seco y dañado,1.4,0.3,2026-02-11 20:11:59
35615,Acondicionador Repara & Protege Pantene,4.0,0.25,2026-02-11 20:12:00
35420,Acondicionador Suavidad y Brillo Deliplus todo tipo de cabello,1.75,1.0,2026-02-11 20:11:59
40315,Activador Blanqueante ropa blanca Oxi Active Bosque Verde en polvo,3.1,1.0,2026-02-11 20:17:02
40230,Activador Blanqueante ropa blanca Oxi Active Bosque Verde líquido,1.75,2.0,2026-02-11 20:17:03
40317,Activador Quitamanchas ropa de color Oxi Active Bosque Verde en polvo,3.1,1.0,2026-02-11 20:17:02
40233,Activador Quitamanchas ropa de color Oxi Active Bosque Verde líquido,1.75,2.0,2026-02-11 20:17:02
28197,Agua de coco Hacendado 100%,1.35,0.33,2026-02-11 20:03:19
28198,Agua de coco Hacendado 100% natural,2.6,1.0,2026-02-11 20:03:19
35516,Agua de colonia bebé Nenuco,2.85,0.5,2026-02-11 20:05:17
14391,Agua de colonia Deliplus Citrus Classic,2.75,0.75,2026-02-11 20:14:54
14390,Agua de colonia Deliplus Floral Infusion,2.75,0.75,2026-02-11 20:14:55
8949,Agua de colonia fresca infantil Deliplus con notas cítricas,1.9,0.6,2026-02-11 20:05:17
90794,Agua de colonia para perros y gatos Krislin,4.0,0.25,2026-01-11 19:47:09
46204,Agua de colonia S3 Classic fresh,3.5,0.75,2026-02-11 20:14:44
11677,Agua de colonia S3 Mediterránea,3.5,0.75,2026-02-11 20:14:53
44313,Agua de peinado cabello Aqua Styling Deliplus,2.1,0.2,2026-02-11 20:12:49
27203,Agua de soda con sifón La Casa,1.6,1.5,2026-02-11 20:02:36
90505,Agua destilada Bosque Verde,0.9,2.0,2026-02-11 20:17:05
76465,Agua facial de avena Deliplus,2.9,0.3,2026-02-11 20:13:19
46954,Agua micelar cara y ojos Facial Clean,3.0,0.4,2026-02-11 20:13:17
27366,Agua mineral con gas grande Cortes,2.7,9.0,2026-02-11 20:02:34
27367,Agua mineral con gas grande Cortes,0.45,1.5,2026-02-11 20:02:35
27598,Agua mineral con gas grande Fonter,6.84,6.0,2026-02-11 20:02:36
27597,Agua mineral con gas grande Fonter,1.14,1.0,2026-02-11 20:02:37
27894,Agua mineral con gas grande San Pellegrino,8.34,6.0,2026-02-11 20:02:35
27893,Agua mineral con gas grande San Pellegrino,1.39,1.0,2026-02-11 20:02:36
27213,Agua mineral con gas grande Vichy Catalan,1.55,1.0,2026-02-11 20:02:34
27368,Agua mineral con gas pequeña Cortes,1.74,3.0,2026-02-11 20:02:35
27369,Agua mineral con gas pequeña Cortes,0.29,0.5,2026-02-11 20:02:35
28185,Agua mineral con gas pequeña Vichy Catalan,6.15,1.8,2026-02-11 20:02:34
27314,Agua mineral grande Bezoya,4.5,9.0,2026-02-11 20:02:30
27230,Agua mineral grande Bezoya,0.75,1.5,2026-02-11 20:02:31
28035,Agua mineral grande Bronchales,1.3,6.0,2026-02-11 20:02:25
23448,Agua mineral grande Bronchales,2.34,9.0,2026-02-11 20:02:25
23449,Agua mineral grande Bronchales,0.39,1.5,2026-02-11 20:02:25
28060,Agua mineral grande Cortes,0.95,8.0,2026-02-11 20:02:27
27088,Agua mineral grande Cortes,0.82,6.0,2026-02-11 20:02:28
28269,Agua mineral grande Cortes,1.62,9.0,2026-02-11 20:02:28
28270,Agua mineral grande Cortes,0.27,1.5,2026-02-11 20:02:28
27350,Agua mineral grande Font Vella,4.32,9.0,2026-02-11 20:02:32
27204,Agua mineral grande Font Vella,0.75,1.5,2026-02-11 20:02:32
27291,Agua mineral grande Lanjarón,4.2,9.0,2026-02-11 20:02:33
27216,Agua mineral grande Lanjarón,0.73,1.5,2026-02-11 20:02:33
27099,Agua mineral grande Nestlé Aquarel,3.84,9.0,2026-02-11 20:02:31
27232,Agua mineral grande Nestlé Aquarel,0.64,1.5,2026-02-11 20:02:31
27327,Agua mineral grande Solán de Cabras,5.34,9.0,2026-02-11 20:02:32
27356,Agua mineral grande Solán de Cabras,0.89,1.5,2026-02-11 20:02:32
28491,Agua mineral mediana Bronchales,3.0,6.0,2026-02-11 20:02:26
28499,Agua mineral mediana Bronchales,0.5,1.0,2026-02-11 20:02:26
28163,Agua mineral mediana Cortes,2.4,6.0,2026-02-11 20:02:28
28164,Agua mineral mediana Cortes,0.4,1.0,2026-02-11 20:02:29
27061,Agua mineral pequeña Bronchales,1.74,3.0,2026-02-11 20:02:26
27054,Agua mineral pequeña Bronchales,0.29,0.5,2026-02-11 20:02:27
28566,Agua mineral pequeña Bronchales tapón infantil,2.4,1.98,2026-02-11 20:02:27
28567,Agua mineral pequeña Bronchales tapón infantil,0.4,0.33,2026-02-11 20:02:27
27076,Agua mineral pequeña Cortes,1.56,3.0,2026-02-11 20:02:29
27078,Agua mineral pequeña Cortes,0.26,0.5,2026-02-11 20:02:30
28288,Agua mineral pequeña Cortes tapón infantil,1.68,1.98,2026-02-11 20:02:30
28296,Agua mineral pequeña Cortes tapón infantil,0.28,0.33,2026-02-11 20:02:30
77241,Agua oxigenada Deliplus desinfectante antiséptico,0.65,0.25,2026-02-11 20:15:18
44413,Agua para plancha Bosque Verde perfume ropa limpia,1.5,1.0,2026-02-11 20:17:06
46559,Agua perfumada bebé con notas florales Deliplus,3.2,0.1,2026-02-11 20:05:18
3830,Aguacate,1.14,0.22,2026-02-11 20:15:34
3858,Aguacates,3.58,0.73,2026-02-11 20:15:34
86656,Ajo granulado Hacendado,1.2,0.115,2026-02-11 20:01:59
69695,Ajo negro dientes pelados,5.0,0.085,2026-02-11 20:15:50
69632,Ajo tierno,2.6,0.2,2026-02-11 20:15:50
61288,Ajo tierno Hacendado ultracongelado,2.05,0.3,2026-02-11 20:11:03
61251,Ajo troceado Hacendado ultracongelado,1.04,0.15,2026-02-11 20:11:09
60873,Ajo y Perejil Hacendado,1.35,0.074,2026-02-11 20:01:56
33022,Ajos aliñados Hacendado,2.6,0.345,2026-02-11 20:03:29
69297,Ajos morados,1.85,0.25,2026-02-11 20:15:49
2784,Alas de pollo,4.05,0.91,2026-02-11 20:07:17
2832,Alas de pollo adobadas,3.53,0.63,2026-02-11 20:08:02
8970,Alas de pollo adobadas picantes,3.33,0.52,2026-02-11 20:07:22
52426,Alas de pollo barbacoa congeladas,3.7,0.75,2026-02-11 20:10:09
25184,Alas de pollo congeladas,3.6,1.0,2026-02-11 20:10:07
2785,Alas partidas de pollo,3.12,0.6,2026-02-11 20:07:15
3791,Alas partidas de pollo certificado alimentado con un 50% de maíz,4.03,0.64,2026-02-11 20:07:19
69287,Albahaca,1.55,0.02,2026-02-11 20:16:02
34128,Albahaca Hacendado,1.25,0.02,2026-02-11 20:01:54
63435,Albóndigas de bacalao Camós congeladas,2.1,0.4,2026-02-11 20:19:41
2871,Albóndigas de cerdo,4.55,0.84,2026-02-11 20:07:54
23632,Albóndigas de pollo,6.0,0.84,2026-02-11 20:07:54
23139,Albóndigas de pollo Hacendado,1.8,0.42,2026-02-11 20:22:31
23138,Albóndigas en salsa Hacendado,1.8,0.42,2026-02-11 20:22:29
4797,Albóndigas guisadas Hacendado,2.75,0.275,2026-02-11 20:22:24
69623,Alcachofa,0.5,0.17,2026-02-11 20:16:06
61205,Alcachofa baby Hacendado ultracongelada,3.05,0.3,2026-02-11 20:11:10
13865,Alcachofa troceada Hacendado ultracongelada,2.65,0.4,2026-02-11 20:11:03
33190,Alcaparras Hacendado,1.35,0.135,2026-02-11 20:03:28
77248,Alcohol 96º Deliplus antiséptico,0.75,0.25,2026-02-11 20:15:18
77322,Alcohol de romero Deliplus,2.0,0.25,2026-02-11 20:15:20
85716,Alfajor de almendra La Muralla,0.14,0.028,2025-12-23 07:43:25
12051,Algodón hidrófilo 100% zig-zag hipoalergénico Deliplus,1.2,0.1,2026-02-11 20:15:20
43705,Algodón mágico Aladdin,3.8,0.075,2026-02-11 20:17:57
90309,Alguicida sin espuma líquido Bosque Verde para piscina,12.5,5.0,2026-02-11 20:17:36
13559,Alicate uñas Deliplus,4.9,1.0,2026-02-11 20:14:43
38007,Alimento completo conejos enanos Granzoo,1.7,0.8,2026-02-11 20:20:37
38130,Alimento completo para canarios y jilgueros Granzoo,1.88,1.0,2026-02-11 20:20:36
38220,Alimento completo para loros y cotorras Granzoo,3.3,0.7,2026-02-11 20:20:36
13646,Alimento completo para ninfa y agaporni Granzoo,1.85,0.8,2026-02-11 20:20:37
38131,Alimento completo para periquitos Granzoo,1.9,1.0,2026-02-11 20:20:35
52765,"Alimento completo para roedores Granzoo hámster, cobaya y chinchilla",1.9,0.7,2026-02-11 20:20:37
60389,Alistado grande Hacendado congelado,34.5,0.5,2026-02-07 07:50:46
62704,Alistado mediano Hacendado ultracongelado,21.25,0.5,2026-02-11 20:19:28
24708,Alistado pequeño congelado,2227.5,,2026-02-11 20:19:27
24707,Alistado pequeño Hacendado congelado,24.94,1.16,2026-02-11 20:19:27
13705,Alitas de pollo asadas Hacendado,4.4,0.5,2026-02-11 20:22:23
17265,Aliño de aceite con perejil y ajo Hacendado,1.8,0.15,2026-02-11 20:02:22
17150,Allioli Chovi,1.55,0.18,2026-02-11 20:02:11
17173,Allioli en sobres individuales Hacendado,1.6,0.16,2026-02-11 20:02:11
17172,Allioli Hacendado,1.1,0.2,2026-02-11 20:02:11
60874,Almeja Hacendado congelada,1.8,0.45,2026-02-11 20:19:33
81418,Almeja japonesa,10.7,0.5,2026-01-16 19:53:38
18579,Almejas blancas del norte al natural Hacendado,1.65,0.185,2025-12-10 07:30:36
18552,Almejones al natural Hacendado,1.35,0.111,2026-02-11 20:11:26
34009,Almendra frita y salada Hacendado pelada,3.15,0.2,2026-02-11 20:03:35
34923,Almendra laminada Hacendado,2.15,0.125,2026-02-11 20:21:58
80492,Almendra marcona Hacendado frita con sal,2.95,0.125,2026-02-11 20:03:39
34921,Almendra molida Hacendado,2.15,0.125,2026-02-11 20:21:56
34865,Almendra natural Hacendado,2.5,0.2,2026-02-11 20:03:32
23575,Almendra natural Hacendado sin piel,2.9,0.2,2026-02-11 20:03:39
52928,Almendra palitos Hacendado,1.85,0.1,2026-02-11 20:21:58
34014,Almendra tostada Hacendado 0% sal añadida con piel,2.95,0.2,2026-02-11 20:03:36
11960,Almendra tostada y salada Hacendado con piel,2.4,0.2,2026-02-11 20:03:34
36421,Almendras rellenas de turrón Hacendado,2.9,0.15,2026-01-05 19:50:22
33136,Altramuces Hacendado,1.75,0.69,2026-02-11 20:03:28
5124,Alubia blanca Hacendado,2.45,1.0,2026-02-11 20:04:06
26019,Alubia cocida blanca Hacendado,0.8,0.57,2026-02-11 20:04:05
26028,Alubia cocida blanca Hacendado,0.7,0.295,2026-02-11 20:04:06
26002,Alubia cocida granja Hacendado,1.75,0.57,2026-02-11 20:04:07
26001,Alubia cocida pinta Hacendado,1.25,0.57,2026-02-11 20:04:06
26000,Alubia cocida roja Hacendado,1.2,0.57,2026-02-11 20:04:06
67608,Alubia negra Hacendado,2.5,1.0,2026-02-11 20:04:07
23453,Alubia pinta Hacendado,2.4,1.0,2026-02-11 20:04:08
67609,Alubia roja Hacendado,3.2,1.0,2026-02-11 20:04:07
26114,Alubias a la jardinera Hacendado,1.2,0.42,2026-02-11 20:22:30
26138,Alubias con tomate Heinz,1.5,0.415,2026-02-11 20:22:31
79425,Ambientador coche Bali Bosque Verde,1.85,1.0,2026-02-11 20:17:25
79447,Ambientador coche Exótico Bosque Verde,1.85,1.0,2026-02-11 20:17:26
79446,Ambientador coche Frutos Silvestres Bosque Verde,1.85,1.0,2026-02-11 20:17:25
79448,Ambientador coche Marine Bosque Verde,1.85,1.0,2026-02-11 20:17:26
43058,Ambientador lavavajillas Limón Bosque Verde,1.5,1.0,2026-02-11 20:18:01
72873,Ambientador líquido concentrado Foresan deluxe,1.7,0.125,2026-02-11 20:17:29
72734,Ambientador perlas Lima Bosque Verde,1.45,1.0,2026-02-11 20:17:28
72733,Ambientador perlas Tiernos Recuerdos Bosque Verde,1.45,1.0,2026-02-11 20:17:27
8876,Ambientador Spa armarios y cajones Bosque Verde,1.75,1.0,2026-02-11 20:17:28
60629,Ambientador spray Colonia Bosque Verde,1.15,0.3,2025-11-17 07:34:44
40159,Ambientador spray de tejidos Elixir Floral Bosque Verde,2.15,0.4,2026-02-11 20:17:19
14256,Ambientador spray Essence Bosque Verde,1.15,0.3,2026-02-11 20:17:20
60707,Ambientador spray Fresh Bosque Verde,1.15,0.3,2026-02-11 20:17:19
13040,Ambientador spray Red Elixir Bosque Verde,1.15,0.3,2026-02-11 20:17:20
72537,Ambientador spray Ropa Limpia Bosque Verde,1.15,0.3,2026-02-11 20:17:18
67997,Ambientador spray Sweet Blossom Bosque Verde,1.15,0.3,2026-02-11 20:17:19
13295,Ambientador Talco armarios y cajones Bosque Verde,1.75,1.0,2026-02-11 20:17:29
13788,Ambientador varitas Bambú Bosque Verde,2.1,0.04,2026-02-11 20:17:26
13789,Ambientador varitas Frambuesa Bosque Verde,2.1,0.04,2026-02-11 20:17:26
13780,Ambientador varitas Fruta Tropical Bosque Verde,2.1,0.04,2026-02-11 20:17:27
13055,Ambientador varitas Magnolia Bosque Verde,2.1,0.04,2026-02-11 20:17:27
13056,Ambientador varitas Pistacho Bosque Verde,2.1,0.04,2026-02-11 20:17:29
43802,Amoníaco con detergente Bosque Verde,0.95,1.5,2026-02-11 20:17:35
43813,Amoníaco muy fuerte Bosque Verde con detergente,1.25,0.75,2026-02-11 20:17:35
43818,Amoníaco perfumado Bosque Verde,0.75,1.5,2026-02-11 20:17:34
46885,Ampollas faciales spray flash Tensor Effect Deliplus Sisbela Reafirm,2.5,0.004,2025-12-10 07:33:04
50321,Ampollas faciales Ácido Hialurónico Hidrata Deliplus concentrado,3.5,0.014,2026-02-11 20:13:29
35614,Ampollas tratamiento intensivo Repara & Protege Pantene cabello dañado,4.35,0.045,2026-02-11 20:12:06
34027,Anacardo frito salado Hacendado,2.8,0.2,2026-02-11 20:03:34
23365,Anacardo natural Hacendado,2.8,0.2,2026-02-11 20:03:33
87254,Anguila troceada,9.74,0.33,2026-02-11 20:20:05
63163,Anillas de pota a la romana Hacendado ultracongeladas,5.25,0.5,2026-02-11 20:19:44
24249,Anillas de pota Argentina Hacendado congeladas,5.75,,2026-02-11 20:19:47
34123,Anís en grano Hacendado,2.0,0.05,2026-01-31 19:31:44
28397,Anís seco Cassalla Cerveró,11.75,1.0,2026-02-11 20:06:03
28334,Anís seco Limiñana,10.5,1.0,2026-02-11 20:06:04
28311,Anís seco Tenis,12.7,1.0,2026-02-11 20:06:03
28356,Aperitivo Aperol,13.65,0.7,2026-02-11 20:05:53
28494,Aperitivo de café Cerol,6.4,1.0,2026-02-11 20:05:54
8953,Aperitivo de patata con sabor a nata agria y cebolla,1.75,0.175,2026-02-11 20:03:52
33556,Aperitivo de patata sabor crema agria y cebolla Pringles,2.65,0.165,2026-02-11 20:03:51
33555,Aperitivo de patata sabor original Pringles,2.65,0.165,2026-02-11 20:03:50
69245,Apio cortado lavado,1.16,0.21,2026-02-11 20:16:07
69275,Apio verde,1.32,0.66,2026-02-11 20:16:07
35735,Apósitos hidrocoloides adhesivos para ampollas y rozaduras Deliplus surtidos,4.3,1.0,2026-02-11 20:15:22
7894,Apósitos infantiles Tattoo Deliplus,1.3,1.0,2025-12-26 07:32:48
40583,Arcos dentales para higiene interdental Deliplus,1.8,1.0,2026-02-11 20:14:15
13658,Arena para gato aglomerante Nuske perfumada,3.75,5.0,2026-02-11 20:20:19
90080,Arena para gato antibacterias Nuske,1.5,5.0,2026-02-11 20:20:19
90947,Arena para gato de perlas sílice Single,3.55,4.0,2026-02-11 20:20:19
63238,Aritos de surimi a la romana Hacendado ultracongelados,3.3,0.6,2026-02-11 20:19:41
23173,Aritos perro adulto y sénior Compy,8.3,4.0,2026-02-11 20:20:27
19816,Aroma agua de azahar Hacendado,2.0,0.15,2026-01-07 19:52:01
32524,Aroma de vainilla Hacendado,2.0,0.15,2026-02-11 20:21:07
15757,Aros de maíz Hacendado,0.85,0.12,2026-02-11 20:03:56
87786,Arreglo de marisco pelado,9.45,0.45,2026-02-11 20:19:26
3556,Arreglo para arroz al horno,6.0,0.76,2026-02-11 20:07:03
88180,Arreglo para paella con pollo y conejo,6.86,0.94,2026-02-11 20:07:05
3497,"Arreglo para puchero vacuno, cerdo y pollo",7.22,1.11,2026-02-11 20:07:03
52790,Arroz Albufera Hacendado,2.95,1.0,2026-02-11 20:04:01
5002,Arroz basmati aromático Hacendado,2.2,1.0,2026-02-11 20:04:02
5025,Arroz bomba Hacendado,5.1,1.0,2026-01-10 07:20:30
19866,Arroz campestre con pollo Hacendado ultracongelado,2.0,0.35,2026-02-11 20:10:04
22280,Arroz cocido basmati Sabroz,1.15,0.25,2026-02-11 20:22:20
22281,Arroz cocido integral Sabroz,1.1,0.25,2026-02-11 20:22:20
22279,Arroz cocido redondo Sabroz,1.1,0.25,2026-02-11 20:22:21
68354,Arroz con leche Hacendado,1.35,0.52,2026-02-11 20:22:51
12756,Arroz con verduras para microondas Hacendado ultracongelado,2.0,0.8,2026-02-11 20:10:03
20893,Arroz de pescado Hacendado,4.0,0.28,2026-02-11 20:22:22
22767,Arroz de secreto ibérico con setas Hacendado,3.0,0.28,2026-02-11 20:22:21
60621,Arroz de verduras Hacendado,3.5,0.28,2026-02-11 20:22:22
5184,Arroz integral largo Hacendado,1.65,1.0,2026-02-11 20:04:03
5063,Arroz largo Hacendado,1.35,1.0,2026-02-11 20:04:00
12972,Arroz largo Sabroz,1.1,0.25,2026-02-11 20:04:03
12782,Arroz marinera Hacendado ultracongelado,2.2,0.35,2026-02-11 20:10:04
35541,Arroz negro Hacendado ultracongelado,3.0,0.6,2026-02-11 20:10:03
61302,Arroz para microondas Hacendado ultracongelado,2.0,1.0,2026-02-11 20:10:03
5044,Arroz redondo Hacendado,1.3,1.0,2026-02-11 20:04:00
5042,Arroz redondo J Sendra Hacendado,1.6,1.0,2026-02-11 20:04:02
5000,Arroz redondo La Fallera,1.69,1.0,2026-02-11 20:04:00
52637,Arroz redondo Sabor,2.45,1.0,2026-02-11 20:04:03
86905,Arroz tres delicias Hacendado ultracongelado,2.85,1.0,2026-02-11 20:10:02
5020,Arroz vaporizado Hacendado,1.65,1.0,2026-02-11 20:04:02
5501,Arándanos,3.35,0.225,2026-02-11 20:15:37
5507,Arándanos,6.5,0.5,2026-02-11 20:15:38
34605,Arándanos deshidratados Hacendado,2.2,0.2,2026-02-11 20:03:47
61093,Arándanos enteros Hacendado ultracongelados,2.15,0.3,2026-02-11 20:10:59
18018,Atún claro al natural Hacendado,4.2,0.48,2026-02-11 20:11:18
18055,Atún claro en aceite de girasol Hacendado,4.3,0.48,2026-02-11 20:11:17
18092,Atún claro en aceite de girasol Hacendado,2.7,0.24,2026-02-11 20:11:17
18002,Atún claro en aceite de oliva Hacendado,4.9,0.48,2026-02-11 20:11:17
18071,Atún claro en aceite de oliva Hacendado,1.55,0.111,2026-02-11 20:11:18
18054,Atún claro en aceite de oliva Hacendado,3.7,0.195,2026-02-11 20:11:19
18031,Atún claro en escabeche blanco Hacendado,4.7,0.48,2026-02-11 20:11:18
18086,Atún en aceite de girasol Hacendado,6.5,0.9,2026-02-11 20:11:16
18030,Atún en aceite de oliva Hacendado,7.7,0.9,2026-02-11 20:11:17
18037,Atún en salsa de tomate Hacendado,2.1,0.24,2026-02-11 20:11:19
34164,Avellana natural Hacendado,3.25,0.2,2025-11-22 07:18:20
34025,Avellana tostada Hacendado 0% sal añadida,5.3,0.2,2026-02-11 20:03:34
16807,Avena molida Hacendado,1.15,0.5,2026-02-11 20:08:13
8370,Azafrán hebra Hacendado,1.95,0.0004,2026-02-11 20:01:57
34116,Azafrán molido Hacendado,1.9,0.0004,2026-02-11 20:01:57
19837,Azúcar blanco en sobres Hacendado,1.55,0.35,2026-02-11 20:04:24
19897,Azúcar blanco Hacendado,1.0,1.0,2026-02-11 20:04:24
35649,Azúcar glas Hacendado,2.6,0.5,2026-02-11 20:04:25
22349,Azúcar moreno de caña Hacendado,1.9,1.0,2026-02-11 20:04:25
19832,Azúcar moreno en sobres Hacendado,1.75,0.35,2026-02-11 20:04:25
32525,Azúcar vainillado Hacendado,1.3,0.12,2026-02-11 20:21:57
81204.1,Bacalao a rodajas,25.08,1.9,2026-02-11 20:19:57
81204.2,Bacalao abierto en libro sin cabeza y sin espina,25.08,1.9,2026-02-11 20:19:57
13787,Bacalao ahumado Hacendado en aceite de girasol,4.45,0.11,2026-02-11 20:20:09
87211,Bacalao al punto de sal descongelado,9.0,0.45,2026-02-11 20:19:58
81204.3,Bacalao media pieza a rodajas,13.99,1.06,2026-02-11 20:19:57
81204.4,Bacalao media pieza abierto en libro sin cabeza y sin espina,13.99,1.06,2026-02-11 20:19:58
59163,Bacón ahumado La Selva lonchas,2.3,0.21,2026-02-11 20:08:51
59160,Bacón ahumado sin corteza La Selva,3.0,0.3,2026-02-11 20:08:52
59066,Bacón Hacendado cintas,2.3,0.25,2026-02-11 20:08:51
53500,Bacón Oscar Mayer lonchas,2.4,0.15,2026-02-11 20:08:51
5827,Baguette,0.57,0.25,2025-11-25 07:38:19
83230,Baguette masa madre,0.57,0.25,2026-02-11 20:21:13
82753,Baguette sin gluten,1.95,0.175,2026-02-11 20:21:13
3824,Banana,0.29,0.19,2026-02-11 20:15:26
79673,Bandas adhesivas fijación fuerte color beige Deliplus para cortar,1.5,1.0,2026-02-11 20:15:19
74081,Bandas de cera especial piernas Deliplus piel sensible,1.4,1.0,2026-02-11 20:13:32
74079,Bandas de cera facial Deliplus piel sensible,1.1,1.0,2026-02-11 20:13:31
49632,Bandeja de cartón rectangular Bosque Verde,2.35,4.0,2026-02-11 20:18:13
11611,Bandeja oro Navidad Bosque Verde,1.8,5.0,2025-12-29 07:41:40
86473,Bandeja oro redonda Navidad Bosque Verde,2.5,5.0,2026-01-04 19:49:29
22154,Banderillas dulces Hacendado,1.7,0.345,2026-02-11 20:03:27
60320,"Banderillas Gildas Hacendado pinchos de aceituna, anchoa y guindilla",2.3,0.125,2026-02-11 20:03:27
33235,Banderillas picantes Hacendado,1.7,0.345,2026-02-11 20:03:26
14241,Barquillos con crema de avellanas Hacendado,1.6,0.25,2026-02-11 20:08:33
14239,Barquillos rellenos con crema de cacao Hacendado,1.0,0.175,2026-02-11 20:08:31
36204,Barquillos rellenos de chocolate Hacendado,2.25,0.2,2026-01-08 19:34:36
36203,Barquillos rellenos de crema turrón Hacendado,2.25,0.2,2026-01-04 19:36:35
14136,Barquillos rellenos de nata Hacendado 0% azúcares añadidos,1.1,0.21,2026-02-11 20:08:32
14576,Barquillos rellenos sabor nata Hacendado,1.0,0.21,2026-02-11 20:08:30
64214,"Barra de helado sabor vainilla, chocolate y nata Hacendado",1.9,1.0,2026-02-11 20:10:21
83202.1,Barra de pan,0.5,0.25,2026-02-11 20:21:12
82830.1,Barra de pan campesina masa madre,0.65,0.25,2026-02-11 20:21:13
82830.2,Barra de pan campesina masa madre rebanada,0.65,0.25,2026-02-11 20:21:21
86610.1,Barra de pan espiga,1.04,0.4,2026-02-11 20:21:15
86610.2,Barra de pan espiga rebanado,1.04,0.4,2026-02-11 20:21:22
83202.2,Barra de pan rebanada,0.5,0.25,2026-02-11 20:21:20
83560,Barra de pan tradicional,1.28,0.7,2026-02-11 20:21:26
83231.1,Barra pan de aceite de oliva,0.57,0.2,2026-02-11 20:21:12
83231.2,Barra pan de aceite de oliva rebanada,0.57,0.2,2026-02-11 20:21:21
9660.1,Barra pan de agua,0.95,0.24,2026-02-11 20:21:14
9660.2,Barra pan de agua rebanada,0.95,0.24,2026-02-11 20:21:21
23086.1,Barra pan de pueblo,1.6,0.8,2026-02-09 08:15:03
23086.2,Barra pan de pueblo rebanada,1.6,0.8,2026-02-09 08:15:11
86464,"Barreño ovalado 8,7L Bosque Verde",2.2,1.0,2026-02-11 20:18:29
19867,Barrita con proteínas Enervit Sport sabor chocolate con leche,4.9,0.18,2026-02-11 20:08:19
9445,Barritas con proteínas Enervit Sport sabor coco y chocolate,3.6,0.12,2026-02-11 20:15:11
14550,Barritas crujientes Caocream Hacendado rellenas de galleta de cacao,1.7,0.1115,2025-12-04 07:21:59
14510,Barritas crujientes Hacendado recubiertas de chocolate con leche,1.8,0.1125,2026-02-11 20:04:48
14713,Barritas de avena Crunchy Nature Valley con chocolate negro,1.95,0.21,2026-02-11 20:08:19
8978,Barritas de barquillo Hacendado con relleno de avellana cubiertas de chocolate con leche,1.8,0.123,2026-02-11 20:04:47
12526,Barritas de barquillo Huesitos bañadas de chocolate con leche,2.8,0.2,2026-02-11 20:04:44
12510,Barritas de barquillo Kit-Kat bañadas de chocolate con leche,3.75,0.2075,2026-01-13 19:33:57
16285,Barritas de barquillo Kit-Kat bañadas de chocolate con leche,1.95,0.1245,2026-02-11 20:04:48
14500,"Barritas de barquillo Meivel rellenas de turrón Viena, cacahuete y sabor a limón",2.25,0.18,2026-02-11 20:04:45
15344,Barritas de barquillo Tokke mini,1.7,0.141,2026-01-20 07:25:56
16283,Barritas de barquillo Total Choc Hacendado bañadas de chocolate con leche,2.0,0.16,2026-02-11 20:04:49
52493,Barritas de cereales con frutos secos Hacendado,1.65,0.15,2026-02-11 20:08:17
13052,Barritas de cereales con galleta animada Hacendado,1.55,0.12,2026-02-11 20:08:18
9350,Barritas de cereales Hacendado chocolate con leche,1.55,0.12,2026-02-11 20:08:16
73249,Barritas de cereales Hacendado con chocolate blanco,1.55,0.127,2026-02-11 20:08:16
7975,Barritas de cereales Hacendado sabor mango,1.65,0.12,2026-02-11 20:08:18
9349,Barritas de cereales muesli Hacendado con chocolate,1.55,0.138,2026-02-11 20:08:17
12171,Barritas de chocolate con leche Hacendado rellenas de leche,2.2,0.2,2026-02-11 20:04:45
35917,Barritas de espelta Hacendado sabor manzana,1.55,0.12,2026-02-11 20:08:17
38111,Barritas de fruta y miel para canarios Natura,1.85,0.09,2026-02-11 20:20:36
38145,Barritas de fruta y miel para periquitos Natura,1.85,0.09,2026-02-11 20:20:35
14133,Barritas de galleta bañadas en chocolate con leche Chips Ahoy,1.25,0.14,2026-02-11 20:08:29
52494,Barritas de galleta rellenas de arándanos Hacendado,1.55,0.125,2026-02-11 20:08:18
12540,Barritas de galleta y caramelo Hacendado bañadas de chocolate con leche,1.85,0.2,2026-02-11 20:04:46
52442,"Barritas Peanuts Hacendado bañadas de chocolate con leche y rellenas con caramelo, cacahuetes tostados y crema azucarada",1.95,0.216,2026-02-11 20:04:47
63648,Bases de pizza artesanas extrafinas y crujientes Hacendado ultracongeladas,1.8,0.42,2026-02-11 20:22:15
63606,Bases de pizza sin gluten sin lactosa Hacendado ultracongeladas,3.8,0.4,2026-02-11 20:22:15
52856,Bastoncillos algodón para bebés Deliplus,1.05,60.0,2026-02-11 20:05:19
79007,Bastoncillos de algodón 100% Deliplus,0.9,200.0,2026-02-11 20:15:17
15287,Bastones de batata Hacendado ultracongelada,2.65,0.75,2026-02-11 20:11:15
69239,Batata,0.94,0.4,2026-02-11 20:15:48
69465,Batatas para microondas,2.5,0.4,2026-02-11 20:16:12
23050,Batido de chocolate 90% leche Hacendado,1.45,1.0,2026-02-11 20:16:41
10055,Batido de chocolate 90% leche Hacendado,1.75,1.2,2026-02-11 20:16:41
10043,Batido de chocolate 90% leche Puleva,2.8,1.2,2026-02-11 20:16:41
10066,Batido de chocolate ColaCao Energy,2.85,0.752,2026-02-11 20:16:42
10050,Batido de chocolate Hacendado,1.55,1.2,2026-02-11 20:16:40
23049,Batido de chocolate Hacendado,1.3,1.0,2026-02-11 20:16:41
22967,Batido de chocolate Hacendado 0% sin azúcares añadidos,1.85,1.2,2026-02-11 20:16:43
10051,Batido de vainilla Hacendado,1.55,1.2,2026-02-11 20:16:42
86418,Batido lácteo sabor chocolate +Proteínas Hacendado 30 g proteínas,1.3,0.33,2026-02-11 20:23:09
86419,Batido lácteo sabor vainilla +Proteínas Hacendado 30 g proteínas,1.3,0.33,2026-02-11 20:23:09
23051,Batido sabor fresa Hacendado,1.3,1.0,2026-02-11 20:16:42
10054,Batido sabor fresa Hacendado,1.55,1.2,2026-02-11 20:16:43
23052,Batido sabor vainilla Hacendado,1.3,1.0,2026-02-11 20:16:42
22825,Bayeta cristales y espejos Bosque Verde microfibra,0.85,1.0,2026-02-11 20:17:10
71033,Bayeta grande Bosque Verde microfibra,1.75,1.0,2026-02-11 20:17:09
22774,Bayeta pequeña Bosque Verde microfibra,1.6,1.0,2026-02-11 20:17:10
60620,Bayeta polvo Bosque Verde microfibra,0.9,1.0,2026-02-11 20:17:10
71044,Bayeta suave multiusos Bosque Verde,1.2,1.0,2026-02-11 20:17:09
23107,"Bebida 0,0% sin alcohol Tanqueray",14.65,0.7,2026-01-28 19:40:51
39224,Bebida 5 frutas Hacendado sin azúcares añadidos,1.75,1.2,2026-02-11 20:23:27
39109,Bebida Bahamas Hacendado,1.4,2.0,2026-02-11 20:23:26
13955,Bebida cider con gas Spieler sabor a manzana,4.74,1.5,2026-02-11 20:05:47
13956,Bebida cider con gas Spieler sabor a manzana,0.79,0.25,2026-02-11 20:05:48
23925,Bebida de almendras 0% azúcar Hacendado,7.2,6.0,2026-02-11 20:16:34
23926,Bebida de almendras 0% azúcar Hacendado,1.2,1.0,2026-02-11 20:16:35
15647,Bebida de almendras con calcio Hacendado,7.2,6.0,2026-02-11 20:16:35
15648,Bebida de almendras con calcio Hacendado,1.2,1.0,2026-02-11 20:16:36
23048,Bebida de arroz sin azúcares añadidos Hacendado,6.6,6.0,2026-02-11 20:16:35
23047,Bebida de arroz sin azúcares añadidos Hacendado,1.1,1.0,2026-02-11 20:16:35
39627,Bebida de arándanos y frutas rojas Hacendado sin azúcares añadidos,1.75,1.0,2026-02-11 20:23:27
13849,Bebida de avellana y arroz sin azúcares añadidos Hacendado,7.8,6.0,2026-02-11 20:16:37
13848,Bebida de avellana y arroz sin azúcares añadidos Hacendado,1.3,1.0,2026-02-11 20:16:38
23908,Bebida de avena Alitey,5.7,6.0,2026-02-11 20:16:32
23912,Bebida de avena Alitey,0.95,1.0,2026-02-11 20:16:32
23046,Bebida de avena Alitey,1.5,0.75,2026-02-11 20:16:33
10688,Bebida de avena con café Hacendado,0.9,0.25,2026-02-11 20:16:37
86168,Bebida de avena con calcio sin azúcares añadidos Hacendado,7.2,6.0,2026-02-11 20:16:33
86167,Bebida de avena con calcio sin azúcares añadidos Hacendado,1.2,1.0,2026-02-11 20:16:33
52633,Bebida de avena con chocolate sin azucares añadidos Hacendado,7.5,6.0,2026-02-11 20:16:39
52634,Bebida de avena con chocolate sin azúcares añadidos Hacendado,1.25,1.0,2026-02-11 20:16:39
60926,Bebida de avena con chocolate sin azúcares añadidos Hacendado,1.6,0.75,2026-02-11 20:16:40
52639,Bebida de avena Hacendado 0% azúcar,4.5,6.0,2026-02-11 20:16:38
52640,Bebida de avena Hacendado 0% azúcar,0.75,1.0,2026-02-11 20:16:39
13847,Bebida de coco y arroz sin azúcares añadidos Hacendado,9.6,6.0,2026-02-11 20:16:36
13846,Bebida de coco y arroz sin azúcares añadidos Hacendado,1.6,1.0,2026-02-11 20:16:36
39640,Bebida de frutas rojas antioxidante Hacendado sin azúcares añadidos,1.95,1.0,2026-02-11 20:23:28
60588,Bebida de mango Hacendado sin azúcares añadidos,1.25,1.0,2026-02-11 20:23:39
8247,Bebida de melocotón Hacendado sin azúcares añadidos,1.0,1.0,2026-02-11 20:23:31
8248,Bebida de melocotón Hacendado sin azúcares añadidos,1.5,1.2,2026-02-11 20:23:31
8790,Bebida de naranja Hacendado sin azúcares añadidos,1.05,1.0,2026-02-11 20:23:36
8791,Bebida de naranja Hacendado sin azúcares añadidos,1.85,1.2,2026-02-11 20:23:36
39119,Bebida de piña Hacendado sin azúcares añadidos,1.1,1.0,2026-02-11 20:23:32
39106,Bebida de piña Hacendado sin azúcares añadidos,1.6,1.2,2026-02-11 20:23:32
39604,Bebida de pomelo Hacendado sin azúcares añadidos,1.3,1.0,2026-02-11 20:23:39
29322,Bebida de soja 0% azúcar Hacendado,4.5,6.0,2026-02-11 20:16:34
29314,Bebida de soja 0% azúcar Hacendado,0.75,1.0,2026-02-11 20:16:34
13681,Bebida de soja con calcio y vitaminas Hacendado,3.9,6.0,2026-01-20 07:38:07
13682,Bebida de soja con calcio y vitaminas Hacendado,0.65,1.0,2026-01-20 07:38:07
14706,Bebida de soja con calcio y vitaminas sin azúcares añadidos Hacendado,3.9,6.0,2026-02-11 20:16:33
14707,Bebida de soja con calcio y vitaminas sin azúcares añadidos Hacendado,0.65,1.0,2026-02-11 20:16:34
14346,Bebida de soja sabor café 0% azúcar,1.25,1.0,2026-02-11 20:16:40
14345,Bebida de soja sabor café 0% azúcar,7.5,6.0,2026-02-11 20:16:40
67950,Bebida de soja sabor vainilla Hacendado 0% azúcar,6.6,6.0,2026-02-11 20:16:38
67949,Bebida de soja sabor vainilla Hacendado 0% azúcar,1.1,1.0,2026-02-11 20:16:38
39650,"Bebida de zumo de naranja, mango y zanahoria La Verja sin azúcares añadidos",1.8,1.5,2026-02-11 20:23:27
28266,Bebida energética Energy Drink Hacendado,1.6,1.5,2026-02-11 20:02:45
28263,Bebida energética Energy Drink Hacendado,2.4,1.5,2026-02-11 20:02:45
28264,Bebida energética Energy Drink Hacendado,0.4,0.25,2026-02-11 20:02:46
5564,Bebida energética Energy Drink Zero Hacendado,2.4,1.5,2026-02-11 20:02:43
28664,Bebida energética energy Monster,6.68,2.0,2026-02-11 20:02:44
28016,Bebida energética Energy Monster,1.79,0.5,2026-02-11 20:02:45
28670,Bebida energética Energy Ultra zero Monster,6.68,2.0,2026-02-11 20:02:44
28119,Bebida energética Energy Ultra zero Monster,1.79,0.5,2026-02-11 20:02:44
15318,Bebida energética Furious Energy drink Hacendado,0.5,0.25,2026-02-11 20:02:48
13815,Bebida energética Mango Loco Monster,6.68,2.0,2026-02-11 20:02:47
13814,Bebida energética Mango Loco Monster,1.79,0.5,2026-02-11 20:02:48
29365,Bebida energética original Burn,3.32,2.0,2026-02-11 20:02:46
27913,Bebida energética original Burn,1.0,0.5,2026-02-11 20:02:47
8870,Bebida energética Red Bull,7.92,1.5,2026-02-11 20:02:46
27905,Bebida energética Red Bull,1.59,0.25,2026-02-11 20:02:46
15311,Bebida energética Zero Berries Energy drink,1.0,0.5,2026-02-11 20:02:50
13976,Bebida energética Zero Full Tropic Energy drink,1.0,0.5,2026-02-11 20:02:49
60603,Bebida energética Zero Furious Hacendado Energy drink,1.0,0.5,2026-02-11 20:02:49
27944,Bebida energética Zero Hacendado,0.4,0.25,2026-02-11 20:02:44
12854,Bebida energética Zero Katrine Energy drink Hacendado,1.0,0.5,2026-02-11 20:02:49
13978,Bebida energética Zero Sunset Energy drink Hacendado,1.0,0.5,2025-11-25 19:31:13
14452,Bebida espirituosa centenario Terry,6.95,0.7,2026-02-11 20:05:57
60697,Bebida espirituosa Convidado de Baco,4.3,0.7,2026-02-11 20:05:56
39127,Bebida Florida Hacendado,1.4,2.0,2026-02-11 20:23:35
27759,Bebida Florida Sunny Delight,1.65,1.25,2026-02-11 20:03:19
28688,Bebida isotónica de naranja Iso drink,1.0,1.5,2026-02-11 20:02:41
15333,Bebida isotónica de naranja Iso drink,2.7,1.98,2026-02-11 20:02:42
15339,Bebida isotónica de naranja Iso drink,0.45,0.33,2026-02-11 20:02:42
29410,Bebida isotónica Iso On blue Hacendado,1.55,1.5,2026-02-11 20:02:41
29080,Bebida isotónica Iso On blue Hacendado,0.7,0.5,2026-02-11 20:02:41
29608,Bebida isotónica limón Aquarius,2.1,1.5,2026-02-11 20:02:39
29605,Bebida isotónica limón Aquarius,7.44,2.64,2026-02-11 20:02:39
29625,Bebida isotónica limón Aquarius,0.99,0.33,2026-02-11 20:02:39
29612,Bebida isotónica limón Aquarius zero azúcar,2.1,1.5,2026-02-11 20:02:41
29609,Bebida isotónica naranja Aquarius,2.1,1.5,2026-02-11 20:02:40
29604,Bebida isotónica naranja Aquarius,7.44,2.64,2026-02-11 20:02:40
29624,Bebida isotónica naranja Aquarius,0.99,0.33,2026-02-11 20:02:40
28576,Bebida isotónica sabor cítrico Iso drink,1.0,1.5,2026-02-11 20:02:39
15331,Bebida isotónica sabor cítrico Iso drink,2.7,1.98,2026-02-11 20:02:43
15332,Bebida isotónica sabor cítrico Iso drink,0.45,0.33,2026-02-11 20:02:43
11509,Bebida isotónica sabor cítrico Iso drink zero,1.0,1.5,2026-02-11 20:02:42
15664,Bebida Kéfir de coco Hacendado,1.1,0.25,2026-02-11 20:23:14
52750,Bebida Kéfir de fresa y plátano Hacendado,0.9,0.25,2026-02-11 20:23:14
15662,Bebida Kéfir natural Hacendado 0% m.g,0.9,0.25,2026-02-11 20:23:14
10820,Bebida láctea con cereales crecimiento y desarrollo Puleva Max,11.34,6.0,2026-02-11 20:16:44
10781,Bebida láctea con cereales crecimiento y desarrollo Puleva Max,1.89,1.0,2026-02-11 20:16:44
10726,Bebida láctea crecimiento y desarrollo Puleva Max,10.74,6.0,2026-02-11 20:16:43
10723,Bebida láctea crecimiento y desarrollo Puleva Max,1.79,1.0,2026-02-11 20:16:44
22002,Bebida láctea de fresa Cuidacol 0% azúcares añadidos,2.5,0.8,2026-02-11 20:23:13
20941,Bebida láctea de fresa Danacol 0% azúcares añadidos,5.45,1.0,2026-02-11 20:23:13
20612,Bebida láctea de fresa Hacendado,1.5,1.0,2026-02-11 20:23:06
20627,Bebida láctea de fresa L-casei,2.25,1.2,2026-02-11 20:23:11
20658,Bebida láctea de fresa L-casei 0% m.g 0% azúcares añadidos,1.55,0.6,2026-02-11 20:23:11
20613,Bebida láctea de fresa y plátano Hacendado,1.5,1.0,2026-02-11 20:23:06
9982,Bebida láctea de frutas del bosque Hacendado,1.5,1.0,2026-02-11 20:23:07
20629,Bebida láctea de piña y coco Hacendado,1.5,1.0,2026-02-11 20:23:06
35847,Bebida láctea desnatada +Proteínas sabor açaí plátano Hacendado 0% m.g 20 g proteínas,1.15,0.28,2026-02-11 20:23:09
10845,Bebida láctea desnatada omega 3 Hacendado,7.02,6.0,2026-02-11 20:16:26
10846,Bebida láctea desnatada omega 3 Hacendado,1.17,1.0,2026-02-11 20:16:26
21333,Bebida láctea desnatada sabor fresa +Proteínas Hacendado 0% m.g 20 g proteínas,1.15,0.28,2026-02-11 20:23:08
12753,"Bebida láctea desnatada sabor fresa y plátano +Proteínas Hacendado 0% m.g 17,4 g proteínas",2.5,1.0,2026-02-11 20:23:10
19985,Bebida láctea desnatada sabor stracciatella +Proteínas Hacendado 0% azúcares añadidos 20 g proteínas,1.15,0.28,2026-02-11 20:23:10
21378,Bebida láctea desnatada sabor tropical +Proteínas Hacendado 0% m.g 20 g proteínas,1.15,0.28,2026-02-11 20:23:09
20738,Bebida láctea natural Actimel,5.99,1.2,2026-02-11 20:23:12
20709,Bebida láctea natural Actimel 0% m.g,5.99,1.2,2026-02-11 20:23:12
9981,Bebida láctea natural azucarada Hacendado,1.5,1.0,2026-02-11 20:23:08
22126,Bebida láctea natural azucarada L-casei,2.25,1.2,2026-02-11 20:23:11
22001,Bebida láctea natural Cuidacol 0% azúcares añadidos,2.5,0.8,2026-02-11 20:23:13
20940,Bebida láctea natural Danacol 0% azúcares añadidos,5.45,1.0,2026-02-11 20:23:13
20657,Bebida láctea natural L-casei 0% m.g 0% azúcares añadidos,1.55,0.6,2026-02-11 20:23:12
10146,Bebida láctea Omega 3 Puleva con leche desnatada,11.34,6.0,2026-02-11 20:16:25
10884,Bebida láctea Omega 3 Puleva con leche desnatada,1.89,1.0,2026-02-11 20:16:25
10281,Bebida láctea Omega 3 Puleva con nueces y leche desnatada,11.7,6.0,2026-02-11 20:16:26
10282,Bebida láctea Omega 3 Puleva con nueces y leche desnatada,1.95,1.0,2026-02-11 20:16:27
21392,Bebida láctea sabor avena y nueces Cuidacol 0% azúcares añadidos,2.5,0.8,2026-02-11 20:23:15
23053,Bebida láctea sabor canela y limón Hacendado,1.75,1.0,2026-02-11 20:16:48
20640,Bebida láctea sabores L-casei,2.25,1.2,2026-02-11 20:23:11
10814,Bebida láctea semidesnatada con fibra Hacendado,7.8,6.0,2026-02-11 20:16:20
10826,Bebida láctea semidesnatada con fibra Hacendado,1.3,1.0,2026-02-11 20:16:20
20942,Bebida láctea tropical Danacol 0% azúcares añadidos,5.9,1.0,2026-01-22 07:45:41
39651,Bebida multivitaminas Hacendado sin azúcares añadidos,1.0,1.0,2026-02-11 20:23:28
8802,Bebida preparada de ron sabor mojito La Recompensa Ice,1.3,0.275,2026-02-11 20:06:01
39488,Bebida refrescante aromatizada tinto sin alcohol light Castillo de Salobreña,1.6,1.0,2026-02-11 20:06:18
39606,Bebida tropical Hacendado sin azúcares añadidos,1.0,1.0,2026-02-11 20:23:27
39702,Bebida zumo de frutas con gas Magic sin alcohol,2.15,0.75,2026-01-15 07:45:39
28999,Bebida zumo de manzana El Lagar sin alcohol,2.4,0.75,2026-02-11 20:06:07
60988,Bechamel Hacendado,2.35,0.6,2026-02-11 20:16:54
18509,Berberecho al natural XS Hacendado,3.2,0.185,2026-02-11 20:11:25
81416,Berberechos,6.2,0.5,2026-02-11 20:19:33
18564,Berberechos al natural M Hacendado,4.25,0.111,2026-02-11 20:11:26
18553,Berberechos al natural S Hacendado,3.05,0.111,2026-02-11 20:11:25
69326,Berenjena,0.78,0.31,2026-02-11 20:16:04
69347,Berenjena rayada,0.74,0.32,2026-02-11 20:16:04
19958,Berenjenas de Almagro aliñada Antonio,3.59,0.68,2026-02-11 20:03:31
84785,Berlina al cacao,1.55,0.24,2026-02-11 20:20:39
20140,Berlina con cobertura de cacao crunch rellena de crema de cacao,1.25,0.1,2026-02-11 20:20:44
20354,Berlina con cobertura y trozos de pistacho rellena de crema sabor pistacho,1.25,0.09,2025-12-04 07:37:50
84710,Berlina glacé,1.35,0.2,2026-02-11 20:20:39
79715,Biberón 150 ml tetina silicona flujo lento Deliplus +0 meses,3.3,1.0,2026-02-11 20:05:13
79470,Biberón 360 ml tetina silicona tres posiciones Deliplus +1 mes,3.8,1.0,2026-02-11 20:05:13
29007,Bicarbonato de sódio Hacendado,1.45,1.0,2026-02-11 20:01:51
29006,Bicarbonato de sódio Hacendado,1.1,0.3,2026-02-11 20:01:51
28408,Bitter Campari,15.5,0.7,2026-02-11 20:05:54
19876,Bitter Kas sin alcohol,7.84,2.64,2026-02-11 20:03:12
28435,Bitter Kas sin alcohol,0.99,0.33,2026-02-11 20:03:12
14443,Bizcocho azúcar sin gluten,2.9,0.3,2026-02-11 20:20:43
9965,Bizcocho con azúcar moreno y nueces,3.35,0.4,2026-02-11 20:20:42
85786,Bizcocho con baño de cacao Hacendado,0.39,0.068,2026-02-11 20:20:57
15197,Bizcocho con pistacho,4.1,0.42,2026-01-17 07:36:17
12809,Bizcocho de cacao,3.2,0.41,2026-02-11 20:20:42
82744,Bizcocho de chocolate sin gluten Hacendado,2.2,0.2,2026-02-11 20:20:55
84736,Bizcocho de chocolate sin gluten y sin lactosa,3.2,0.3,2026-02-11 20:20:43
16288,Bizcocho de manzana,4.4,0.6,2026-02-11 20:20:44
83995,Bizcocho de yogur Hacendado,3.5,0.8,2026-02-11 20:20:39
15165,Bizcocho Hacendado,1.75,0.29,2026-02-11 20:20:57
23372,Bizcochos de huevo Hacendado,1.8,0.4,2026-02-11 20:20:54
82099,Bizcochos Hacendado,1.85,0.3,2026-01-14 07:40:17
52171,Bloc foie gras de pato Hacendado,5.25,0.1,2026-02-11 20:09:25
82098,Bocaditos bañados al cacao Hacendado,2.3,0.5,2026-02-11 20:20:51
51625,Bocaditos de queso con mermelada de papaya Hacendado,3.5,0.18,2026-01-01 07:28:02
70705,Bocaditos en gelatina gato adulto Delikuit,2.3,0.8,2026-02-11 20:20:13
70704,Bocaditos en gelatina gato adulto Delikuit,2.3,0.8,2026-02-11 20:20:13
22007,Bocaditos en gelatina gato júnior Delikuit con pollo y pavo,2.5,0.8,2026-02-11 20:20:12
35732,Bocaditos en salsa gato adulto Delikuit esterilizado,2.75,0.8,2025-12-20 07:39:23
14915,Bocaditos en salsa gato adulto Delikuit esterilizado,3.8,1.2,2026-02-11 20:20:14
52710,"Bocaditos en salsa gato adulto Lechat Excellence con pollo, pavo y verduras",0.7,0.4,2026-02-11 20:20:11
52711,"Bocaditos en salsa gato adulto Lechat Excellence con salmón, trucha  y verduras",0.7,0.4,2026-02-11 20:20:11
9833,Bocaditos en salsa perro adulto Special Dog Excellence con salmón y verduras,1.5,1.23,2026-02-11 20:20:25
9832,"Bocaditos en salsa perro adulto Special Dog Excellence con ternera, hígado y verduras",1.5,1.23,2026-02-11 20:20:25
21608,"Bocaditos en salsa perro adulto Special Dog Excellence con ternera, hígado y verduras",1.1,0.72,2026-02-11 20:20:24
62380,Bogavante americano mediano crudo Hacendado,16.5,,2026-02-11 20:19:31
23189,Bol biodegradable Bosque Verde,2.0,15.0,2026-02-11 20:18:10
11610,Bol oro Navidad Bosque Verde,1.8,5.0,2025-12-29 19:47:30
34046,"Bolas de cereal bañadas Hacendado de chocolate negro, con leche y blanco",2.65,0.2,2026-01-06 19:34:44
14469,Bolitas de coco Hacendado,1.9,0.24,2026-01-30 19:43:56
14502,Bollitos glaseados Hacendado,2.2,0.41,2026-01-12 07:31:33
82609,Bollo con pepitas de chocolate Hacendado Choco Buns,1.65,0.25,2026-02-11 20:20:50
2439,Bolsa de rafia,0.65,1.0,2026-02-11 20:18:09
15636,Bolsa isotérmica,1.9,1.0,2026-02-11 20:18:08
14456,Bolsas congelación grandes Bosque Verde,1.3,1.0,2026-02-11 20:18:08
49224,Bolsas congelación medianas Bosque Verde,0.85,1.0,2026-02-11 20:18:07
12895,Bolsas de basura compostables Bosque Verde 10L cubo pequeño,2.3,1.0,2026-02-11 20:18:24
12896,Bolsas de basura cubo alto Bosque Verde 30L cubo mediano,2.75,1.0,2026-02-11 20:18:25
14466,Bolsas de basura envases Bosque Verde 30L cubo mediano,2.2,1.0,2026-02-11 20:18:24
12914,Bolsas de basura extra Bosque Verde 30L cubo mediano,2.15,1.0,2026-02-11 20:18:22
11967,Bolsas de basura grande perfumadas Bosque Verde 50L cubo grande,2.1,1.0,2026-02-11 20:18:23
49703,Bolsas de basura jardín Bosque Verde 100L cubo industrial,2.65,1.0,2026-02-11 20:18:23
49704,Bolsas de basura mini Bosque Verde 10L cubo pequeño,1.35,1.0,2026-02-11 20:18:23
22985,Bolsas de basura mini Bosque Verde 5L cubo pequeño,1.3,1.0,2026-02-11 20:18:24
49750,Bolsas de basura perfumadas Bosque Verde 30L cubo mediano,1.65,1.0,2026-02-11 20:18:22
12897,Bolsas de basura saco Bosque Verde 100L cubo industrial,2.0,1.0,2026-02-11 20:18:24
49760,Bolsas para residuos caninos Nuske Doggy bags,1.3,45.0,2026-02-11 20:20:32
15777,Bolsas reutilizables Bosque Verde,1.2,4.0,2026-02-11 20:18:09
49074,Bolsas zip congelación grandes Bosque Verde,1.3,1.0,2026-02-11 20:18:08
49073,Bolsas zip congelación medianas Bosque Verde,1.2,1.0,2026-02-11 20:18:07
52466,Bolsitas antipolillas Lavanda Bosque Verde,1.55,1.0,2026-02-11 20:17:17
35909,Bombones cereza al licor Hacendado con chocolate negro,2.2,0.15,2026-02-11 20:04:49
86496,Bombones de chocolate con leche Lindor Lindt,7.95,0.2,2026-01-04 07:22:41
14355,Bombones de chocolate con leche Mini Peanut Cups Hacendado relleno de crema y pedazos de cacahuete,1.9,0.126,2026-02-11 20:04:50
86406,Bombones de coco Cocolizze Hacendado,2.9,0.132,2026-01-02 07:23:36
12471,Bombones delicias de avellana Delizze Hacendado,4.2,0.216,2026-02-11 20:04:50
12157,Bombones Ferrero Rocher,6.3,0.2,2026-01-19 07:28:59
18116,Bonito del norte en aceite de oliva Hacendado,3.3,0.222,2026-02-11 20:11:20
23122,Boquerones al vinagre Hacendado en aceite de girasol,5.6,0.33,2026-02-11 20:20:06
52451,Boquerones aliñados Hacendado,1.7,0.08,2026-02-11 20:20:08
80405,Boquerones en vinagre Hacendado en aceite de girasol,1.65,0.08,2026-02-11 20:20:05
81661.2,Boquerón limpio sin cabeza,1.59,0.2,2025-12-04 07:37:10
81661.1,Boquerón sin limpiar,1.59,0.2,2025-12-04 07:37:09
71314,Borrador mágico Bosque Verde,1.45,1.0,2026-02-11 20:17:08
1393,Botifarrón de carne,2.62,0.35,2026-02-11 20:07:44
28526,Brandy de Jerez solera gran reserva Convidado de Baco,10.2,0.7,2025-12-29 07:27:08
28525,Brandy de Jerez solera reserva Convidado de Baco,6.0,0.7,2026-02-11 20:05:56
14917,Brillo de labios Lip Gloss Terra Deliplus 01 nude rosado,4.5,0.0055,2025-12-15 19:52:01
14918,Brillo de labios Lip Gloss Terra Deliplus 02 opal ciruela,4.5,0.0055,2026-01-03 07:36:37
35377,Brillo de labios Volumizer gloss Deliplus 01 transparente,5.0,0.004,2026-02-11 20:19:02
35378,Brillo de labios Volumizer gloss Deliplus 02 nude,5.0,0.004,2026-02-11 20:19:02
35379,Brillo de labios Volumizer gloss Deliplus 03 nude rosa,5.0,0.004,2026-02-11 20:19:03
35381,Brillo de labios Volumizer gloss Deliplus 05 rosa,5.0,0.004,2026-02-11 20:19:03
35382,Brillo de labios Volumizer gloss Deliplus 06 morado,5.0,0.004,2026-02-11 20:19:03
35383,Brillo de labios Volumizer gloss Deliplus 07 transparente con destellos,5.0,0.004,2026-02-11 20:19:04
13251,Brioche Listo para Comer,3.0,0.16,2026-02-11 20:22:05
35902,"Brochetas de pollo, pimiento verde y tocino de cerdo con varilla",3.11,0.37,2026-02-11 20:07:59
8320,Bronceador facial fluido Bronzer luminoso Deliplus 01,5.0,0.012,2026-02-11 20:18:48
86402,Bruma facial hidratante Mist Facial Clean con ácido hialurónico y niacinamida,3.5,0.1,2025-12-08 07:35:57
20532,Bruma facial multifuncional Make Up Fixer Celestial Night Deliplus,4.5,0.1,2026-02-11 20:18:46
69580,Brócoli,1.3,0.5,2026-02-11 20:16:03
61261,Brócoli Hacendado ultracongelado,2.1,1.0,2026-02-11 20:11:08
62320,Buey de mar cocido Hacendado congelado,11.68,0.715,2026-02-11 20:19:31
3979,Burger americana gruesas,3.2,0.36,2026-02-11 20:07:50
4079,Burger Crunchy Chicken,2.0,0.24,2026-02-11 20:07:50
52672,Burger de cerdo,2.7,0.54,2026-02-11 20:07:47
8839,Burger de cordero al romero,3.7,0.24,2026-02-11 20:07:51
3976,Burger de pavo y espinacas,2.4,0.24,2026-02-11 20:07:49
2622,Burger de pollo,3.95,0.54,2026-02-11 20:07:48
86911,Burger de pollo gruesa,3.2,0.36,2026-02-11 20:07:48
8840,Burger de vaca madurada,2.9,0.18,2026-02-11 20:07:51
2873,Burger de vacuno,6.2,0.54,2026-02-11 20:07:48
3547,Burger de vacuno gruesas,5.1,0.36,2026-02-11 20:07:48
2872,Burger de vacuno y cerdo,4.5,0.54,2026-02-11 20:07:47
4155,Burger de vacuno y cerdo con jamón y cebolla caramelizada,2.8,0.24,2026-02-11 20:07:49
15269,Burgers vegetales Hacendado con calabaza,2.0,0.16,2026-02-11 20:22:33
51218,Burrata fresca Hacendado,2.3,0.25,2026-02-11 20:09:58
6044,Butifarra fresca,3.62,0.64,2026-02-11 20:07:45
35798,Bálsamo after shave Sensitive Deliplus con aloe vera y 0% alcohol,1.6,0.1,2026-02-11 20:12:55
73850,Bálsamo after shave Sensitive Nivea Men 0% alcohol,5.85,0.1,2026-02-11 20:12:55
52760,Bálsamo facial corporal infantil pieles atópicas Deliplus,4.4,0.2,2026-02-11 20:05:17
35336,Bálsamo labial Color Balm Deliplus 07 nude rosa,4.5,1.0,2026-02-11 20:19:00
35337,Bálsamo labial Color Balm Deliplus 08 nude beige,4.5,1.0,2026-02-11 20:19:01
35338,Bálsamo labial Color Balm Deliplus 09 rosa medio perlado,4.5,1.0,2026-02-11 20:19:01
8291,Bálsamo labial Color Balm Deliplus 10 coral,4.5,1.0,2026-02-11 20:19:01
8292,Bálsamo labial Color Balm Deliplus 11 rosa,4.5,1.0,2026-02-11 20:19:01
8290,Bálsamo labial Color Balm Deliplus 12 frambuesa,4.5,1.0,2026-02-11 20:19:02
11663,Bálsamo labial Color Balm Deliplus 13 perlado,4.5,1.0,2026-02-11 20:19:02
76480,Bálsamo oriental efecto calor Deliplus con vitamina E,3.0,0.03,2026-02-11 20:15:22
22804,Bálsamo reparador labios Deliplus,2.6,0.015,2026-02-11 20:18:54
21377,Bífidus cremoso desnatado natural edulcorado Hacendado 0% m.g 0% sin azúcares añadidos,1.4,0.75,2026-02-11 20:22:43
21319,Bífidus cremoso desnatado Tropical Hacendado 0% m.g. 0% sin azúcares añadidos,1.3,0.5,2026-02-07 07:54:24
67977,Bífidus cremoso probiótico con coco Hacendado,1.3,0.5,2026-02-11 20:22:43
20953,Bífidus cremoso probióticos de lima limón Hacendado 0% MG 0% azúcares añadidos,1.3,0.5,2026-02-11 20:22:43
21329,Bífidus desnatado con nueces y cereales Hacendado 0% m.g.,1.3,0.5,2026-02-11 20:22:41
23477,Bífidus desnatado natural Activia 0% m.g.,3.3,0.96,2026-02-11 20:22:44
23476,Bífidus desnatado natural edulcorado Activia 0% m.g.,3.3,0.96,2026-02-11 20:22:44
21193,Bífidus desnatado natural Hacendado 0% m.g  0% sin azúcares añadidos,1.15,0.75,2026-02-11 20:22:43
21330,Bífidus desnatado probiótico con frutos silvestres Hacendado 0% m.g. 0% sin azúcares añadidos,1.3,0.5,2026-02-11 20:22:41
21318,Bífidus desnatado probiótico con kiwi Hacendado 0% m.g. 0% sin azúcares añadidos,1.3,0.5,2026-02-11 20:22:41
21331,Bífidus desnatado probiótico con pera Hacendado 0% m.g. 0% azúcares añadidos,1.3,0.5,2026-02-11 20:22:42
21332,Bífidus desnatado probiótico con piña Hacendado 0% m.g. 0% sin azúcares añadidos,1.3,0.5,2026-02-11 20:22:42
21307,Bífidus natural Hacendado,1.2,0.75,2026-02-11 20:22:44
20859,Bífidus natural probiótico azucarado Hacendado con cereales y fresas deshidratadas,1.15,0.17,2026-02-11 20:22:45
21336,"Bífidus natural probiótico Hacendado con coco, almendras y chocolate",1.2,0.18,2026-02-11 20:22:45
21327,Bífidus probiótico con cereales y fibras Hacendado,1.3,0.5,2026-02-11 20:22:41
21312,Bífidus probiótico con ciruelas pasas Hacendado,1.3,0.5,2026-02-11 20:22:42
21311,Bífidus probiótico con mango Hacendado,1.3,0.5,2026-02-11 20:22:42
86442,Cabecero de lomo Hacendado lonchas,2.7,0.15,2026-02-11 20:09:11
15031,Cabello de Ángel Hida,2.6,0.52,2026-02-11 20:11:40
59364,Cabeza de cerdo finas lonchas Hacendado,1.7,0.15,2026-02-11 20:08:44
16862,Cabeza de cerdo trufa con pistachos Hacendado finas lonchas,2.25,0.15,2026-01-29 07:43:59
13738,Cacahuete +Proteínas en polvo desgrasado Hacendado 14 g proteínas 70% reducido en grasa,2.75,0.2,2026-02-11 20:21:58
34143,Cacahuete frito con miel Hacendado,1.65,0.2,2026-02-11 20:03:38
34820,Cacahuete frito con sal Hacendado pelado,1.0,0.25,2026-02-11 20:03:33
34868,Cacahuete frito y salado Hacendado con piel,1.3,0.25,2026-02-11 20:03:35
34016,Cacahuete tostado con sal Hacendado,1.65,0.4,2026-02-11 20:03:38
34031,Cacahuete tostado Hacendado 0% sal añadida,1.65,0.4,2026-02-11 20:03:35
13451,Cacahuete tostado Hacendado pelado 0% sal añadida,1.15,0.2,2026-02-11 20:03:43
12020,Cacahuetes Chocoiris Hacendado bañados de chocolate con leche coloreados,1.9,0.18,2026-02-11 20:04:46
12347,Cacahuetes Hacendado chocolate con leche,2.25,0.25,2026-02-11 20:04:46
12348,Cacahuetes Hacendado chocolate negro,2.25,0.25,2026-02-11 20:04:45
11609,Cacao en polvo a la taza Hacendado,1.85,0.4,2026-02-11 20:06:34
12017,Cacao en polvo a la taza Valor,4.1,0.5,2026-02-11 20:06:33
22580,Cacao puro en polvo La Chocolatera,4.95,0.265,2026-02-11 20:06:33
19846,Cacao soluble ColaCao original,17.0,2.2,2026-02-11 20:06:31
13021,Cacao soluble ColaCao original,7.0,0.76,2026-02-11 20:06:31
13019,Cacao soluble ColaCao original,4.4,0.383,2026-02-11 20:06:31
13037,Cacao soluble Hacendado,5.0,1.0,2026-02-11 20:06:32
13038,Cacao soluble Hacendado,2.8,0.5,2026-02-11 20:06:33
8911,Cacao soluble instantáneo Hacendado,4.7,1.0,2026-02-01 07:42:25
8914,Cacao soluble instantáneo Hacendado,2.8,0.5,2026-02-11 20:06:32
20919,Cacao soluble instantáneo Hacendado,3.75,0.8,2026-02-11 20:06:32
67739,Cacao soluble instantáneo Nesquik,17.45,2.7,2026-02-11 20:06:30
13204,Cacao soluble instantáneo Nesquik,7.5,1.0,2026-02-11 20:06:30
13216,Cacao soluble instantáneo Nesquik,4.2,0.39,2026-02-11 20:06:30
52810,Cachopo de vacuno con jamón y queso sin gluten,4.43,0.25,2026-02-11 20:08:05
10666,Café con leche cappuccino Hacendado,0.85,0.25,2026-02-11 20:06:53
10672,Café con leche descafeinado Hacendado,0.85,0.25,2026-02-11 20:06:53
23405,Café con leche en cápsula descafeinado Hacendado,3.55,0.152,2026-02-11 20:06:40
11801,Café con leche en cápsula Dolce Gusto,4.95,0.16,2026-02-11 20:06:38
86348,Café con leche en cápsula Hacendado,3.55,0.1536,2026-02-11 20:06:39
11871,Café con leche en cápsula Tassimo,5.89,0.184,2026-02-11 20:06:42
10644,Café con leche espresso Hacendado,0.85,0.25,2026-02-11 20:06:53
10642,Café con leche light sin lactosa Hacendado,0.85,0.25,2026-02-11 20:06:53
67659,Café cortado en cápsula Hacendado,3.55,0.0928,2026-02-11 20:06:40
52775,Café en cápsula cappuccino Hacendado,3.55,0.1856,2026-02-11 20:06:41
13634,Café en cápsula classic Hacendado,3.55,0.112,2026-02-11 20:06:38
9847,Café en cápsula Colombia Hacendado,3.9,0.108,2026-02-11 20:06:35
11785,Café en cápsula cortado Dolce Gusto,4.95,0.1008,2026-02-11 20:06:39
11875,Café en cápsula cortado Tassimo,5.89,0.184,2026-02-11 20:06:42
13596,Café en cápsula descafeinado espresso Hacendado,3.95,0.104,2026-02-11 20:06:36
11869,Café en cápsula descafeinado espresso intenso Dolce Gusto,4.95,0.0992,2026-02-11 20:06:38
10355,Café en cápsula descafeinado Hacendado,3.95,0.104,2026-02-11 20:06:35
23293,Café en cápsula descafeinado Hacendado,3.55,0.112,2026-02-11 20:06:40
11874,Café en cápsula descafeinado Tassimo,5.89,0.1184,2026-02-11 20:06:42
22801,Café en cápsula doble espresso Hacendado,3.55,0.128,2026-02-11 20:06:41
10352,Café en cápsula espresso Hacendado,3.9,0.104,2026-02-11 20:06:35
11931,Café en cápsula espresso intenso Dolce Gusto,4.95,0.112,2026-02-11 20:06:37
11873,Café en cápsula espresso Tassimo,5.89,0.1184,2026-02-11 20:06:41
13636,Café en cápsula extra forte Hacendado,3.55,0.112,2026-02-11 20:06:37
10350,Café en cápsula extra fuerte Hacendado,3.9,0.104,2026-02-11 20:06:34
13635,Café en cápsula forte Hacendado,3.55,0.112,2026-02-11 20:06:37
11872,Café en cápsula largo Tassimo,5.89,0.1328,2026-02-11 20:06:42
10351,Café en cápsula ristretto Hacendado,3.9,0.106,2025-12-15 19:37:40
19940,Café en cápsula ristretto Hacendado,3.9,0.11,2026-02-11 20:06:36
11918,Café en cápsula ristretto napoli Dolce Gusto,4.95,0.128,2026-02-11 20:06:39
14383,Café en cápsula sabor Caramel Hacendado,2.4,0.05,2026-02-11 20:06:37
52774,Café en cápsulas doble espresso Hacendado,3.9,0.11,2026-02-11 20:06:36
14798,Café en grano Colombia Hacendado,7.5,0.5,2026-02-11 20:06:48
11077,Café en grano extra fuerte Hacendado,11.5,1.0,2025-11-24 07:25:58
19924,Café en grano fuerte Hacendado,6.0,0.5,2026-02-11 20:06:49
11021,Café en grano Hacendado descafeinado,7.0,0.5,2026-02-11 20:06:48
13594,Café en grano natural Hacendado,11.5,1.0,2025-11-24 07:25:57
14799,Café en grano natural Hacendado,6.0,0.5,2026-02-11 20:06:48
52491,Café en grano natural Hacendado descafeinado,13.0,1.0,2025-11-24 07:25:58
11715,Café molido Colombia Hacendado,3.7,0.25,2026-02-11 20:06:47
11745,Café molido descafeinado Climent,3.9,0.25,2026-02-11 20:06:47
13593,Café molido descafeinado Hacendado,5.2,0.5,2026-02-11 20:06:46
13592,Café molido descafeinado Hacendado,2.7,0.25,2026-02-11 20:06:46
11744,Café molido descafeinado Hacendado Espresso,3.8,0.25,2026-02-11 20:06:47
13700,Café molido fuerte Hacendado,4.9,0.5,2026-02-11 20:06:45
11171,Café molido fuerte Hacendado,2.6,0.25,2026-02-11 20:06:45
15922,Café molido mezcla Hacendado,5.2,0.5,2026-02-11 20:06:44
15923,Café molido mezcla Hacendado,2.7,0.25,2026-02-11 20:06:45
11752,Café molido mezcla Hacendado Espresso,3.6,0.25,2026-01-08 07:25:28
11845,Café molido mezcla Marcilla crème express,5.45,0.25,2026-01-14 07:26:38
11753,Café molido natural Bonka,4.5,0.25,2026-02-11 20:06:46
11810,Café molido natural Cafés Valiente,4.9,0.25,2026-02-11 20:06:46
11740,Café molido natural Climent,3.4,0.25,2026-02-11 20:06:47
11178,Café molido natural Hacendado,4.9,0.5,2026-02-11 20:06:44
11172,Café molido natural Hacendado,2.6,0.25,2026-02-11 20:06:44
11714,Café molido natural Hacendado Espresso,3.6,0.25,2026-01-01 07:25:07
11777,Café monodosis descafeinado natural Hacendado,3.3,0.224,2026-02-11 20:06:43
11730,Café monodosis mezcla Hacendado,3.4,0.224,2026-02-11 20:06:43
11770,Café monodosis natural Hacendado,3.0,0.224,2026-02-11 20:06:43
67660,Café soluble cappuccino caramelo Hacendado,3.0,0.25,2026-02-11 20:06:52
23406,Café soluble cappuccino Hacendado,2.75,0.25,2026-02-11 20:06:52
11049,Café soluble classic en sobres Hacendado,1.1,0.02,2026-02-11 20:06:50
22163,Café soluble Classic Hacendado,4.4,0.2,2026-02-11 20:06:49
22718,Café soluble Classic Hacendado,2.9,0.1,2026-02-11 20:06:49
11051,Café soluble descafeinado en sobres Hacendado,1.2,0.02,2026-02-11 20:06:51
22164,Café soluble descafeinado Hacendado,4.65,0.2,2026-02-11 20:06:50
22719,Café soluble descafeinado Hacendado,3.1,0.1,2026-02-11 20:06:51
11101,Café soluble descafeinado Nescafé classic,7.95,0.2,2026-02-11 20:06:51
11104,Café soluble descafeinado Nescafé classic,5.4,0.1,2026-02-11 20:06:52
11123,Café soluble Espresso Creme Hacendado,2.9,0.08,2026-02-11 20:06:52
11136,Café soluble natural Nescafé classic,7.95,0.2,2026-02-11 20:06:50
11111,Café soluble natural Nescafé classic,5.4,0.1,2026-02-11 20:06:50
69339,Calabacín blanco,0.89,0.37,2026-02-11 20:15:57
69338,Calabacín verde,1.03,0.42,2026-02-11 20:15:57
3527,Calabaza cacahuete cortada a trozos,2.11,0.52,2026-02-11 20:16:06
18713,Calamar en salsa americana Hacendado,2.8,0.24,2026-02-11 20:11:24
18714,Calamar en tinta Hacendado,3.1,0.24,2026-02-11 20:11:24
24417,Calamar grande Hacendado congelado,3.5,0.2,2026-02-11 20:19:48
63432,Calamar patagónico pequeño Hacendado ultracongelado,5.5,,2026-02-11 20:19:48
87177,Calamar pequeño limpio patagónico,6.0,0.3,2026-02-11 20:19:59
24242,Calamar troceado limpio Hacendado congelado,6.0,,2026-02-11 20:19:46
13998,Caldo de carne con sofrito Hacendado,2.0,1.0,2026-02-11 20:11:52
22860,Caldo de carne Hacendado en pastillas,0.9,0.12,2026-02-11 20:11:52
7026,Caldo de cocido casero Gallina Blanca,2.2,1.0,2026-02-11 20:11:50
52768,Caldo de cocido Hacendado,0.9,1.0,2026-02-11 20:11:51
7021,Caldo de marisco o fideuá para paella Hacendado con sofrito,2.0,1.0,2026-02-11 20:11:51
7325,Caldo de pescado Hacendado,1.0,1.0,2026-02-11 20:11:50
7305,Caldo de pescado Hacendado en pastillas,0.9,0.12,2026-02-11 20:11:52
7014,Caldo de pollo Avecrem en pastillas,2.95,0.24,2026-02-11 20:11:52
7024,Caldo de pollo casero Gallina Blanca,2.2,1.0,2026-02-11 20:11:49
7313,Caldo de pollo Hacendado,0.8,1.0,2026-02-11 20:11:49
7031,Caldo de pollo Hacendado bajo en sal,1.2,1.0,2026-02-11 20:11:51
7867,Caldo de pollo Hacendado en pastillas,1.45,0.24,2026-02-11 20:11:53
7032,Caldo de verduras Hacendado,1.0,1.0,2026-02-11 20:11:50
15592,Caldo de verduras Hacendado en pastillas,0.9,0.12,2026-02-11 20:11:53
7035,Caldo para paella de carne Hacendado con sofrito,2.25,1.0,2025-12-11 07:29:30
14790,Calendario Adviento 24 Makeup  Treasures Deliplus,25.0,1.0,2025-12-02 07:42:00
14352,Calendario de Adviento Navidad Hacendado con chocolatinas de chocolate con leche,1.85,0.065,2025-12-08 19:34:26
67786,Callos a la madrileña Hacendado,2.45,0.38,2026-02-11 20:22:28
2179,Callos preparados de ternera Rogusa,4.1,0.5,2026-02-11 20:08:04
24267,Camarón boreal cocido y pelado Royal Greenland ultracongelado,4.25,0.2,2026-02-11 20:19:29
60654,Cambiador multiusos desechable Deliplus,4.15,10.0,2026-02-11 20:05:21
86686,Canapés de tartaletas congelados Listo para Comer,15.0,0.275,2026-01-10 07:37:52
52880,Canela en rama Hacendado,1.5,0.019,2026-02-11 20:02:00
34177,Canela molida Hacendado,1.0,0.052,2026-02-11 20:02:00
86601,Canelones de carne Hacendado ultracongelados,5.93,1.1,2026-02-11 20:10:05
86600,Canelones de carne Hacendado ultracongelados,3.24,0.6,2026-02-11 20:10:05
4493,Canelones de carne y boletus Hacendado,3.7,0.35,2026-02-11 20:22:19
69719,Canónigos lavados,1.2,0.125,2026-02-11 20:15:39
86864,Caprichos de queso con manzana Hacendado,1.75,0.064,2026-01-14 07:29:50
5919,Caquis maduros,1.95,0.3,2025-12-19 19:45:30
84663,Caracola con pasas 10%,1.0,0.103,2026-02-11 20:20:41
62303,Caracoles precocidos Hacendado ultracongelados,3.95,0.35,2026-02-11 20:19:35
32316,Caramelo líquido Hacendado,1.75,0.3,2026-02-11 20:21:57
65017,Caramelo Pikotas masticable Dulciora,1.45,0.1,2025-12-23 19:33:04
65311,Caramelos blandos Fruits Hacendado,1.6,0.3,2026-02-11 20:04:33
65123,Caramelos café Hacendado 0% azúcares,1.15,0.09,2026-02-11 20:04:31
13987,Caramelos con palo Mix Hacendado sabor cereza y fresa,1.2,0.0794,2026-02-11 20:04:34
65298,Caramelos cítricos mix Halls sin azúcar,2.95,0.128,2026-02-11 20:04:32
8820,Caramelos El Conde Drácula sabor cereza Cerdán,1.35,0.15,2025-12-02 19:35:44
65326,Caramelos eucaliptus mentol Respiral Halls,1.95,0.15,2026-02-11 20:04:32
19909,Caramelos Fruits & Flowers Hacendado 0% azúcares,1.35,0.09,2026-02-11 20:04:35
65143,Caramelos jengibre y própolis Hacendado 0% azúcares,1.35,0.09,2026-02-11 20:04:34
65328,Caramelos limón mentol Respiral Halls,1.95,0.15,2026-02-11 20:04:32
65324,Caramelos miel sabor limón Pifarré,1.15,0.125,2026-02-11 20:04:33
65302,Caramelos nata Hacendado 0% azúcares,1.15,0.09,2026-02-11 20:04:31
65299,Caramelos original Halls,2.95,0.128,2026-02-11 20:04:33
65327,Caramelos regaliz mentol Respiral Halls,1.95,0.15,2026-02-11 20:04:33
65138,Caramelos sabor eucalipto y mentol Hacendado 0% azúcares,1.0,0.09,2026-02-11 20:04:32
12771,Caramelos sabor eucalipto y mentol Hacendado 0% azúcares,1.6,0.093,2026-02-11 20:04:34
12766,Caramelos sabor lima Hacendado 0% azúcares,1.6,0.093,2026-02-11 20:04:34
12056,Carbón vegetal Bosque Verde,4.05,2.5,2026-02-11 20:18:14
2855,Carcasa de pollo certificado alimentado con un 50% de maíz,2.03,0.75,2026-02-11 20:07:18
2853,Carcasa y espinazo de pollo,1.04,0.95,2026-02-11 20:07:15
61206,Cardo Hacendado ultracongelado,1.65,0.45,2026-02-11 20:11:09
11511,Carne de cerdo Pulled Pork Hacendado sabor barbacoa,2.5,0.2,2026-02-11 20:22:25
62396,Carne de mejillón de Chile cocido Hacendado ultracongelado,2.5,,2026-02-11 20:19:33
34157,Carne de pimiento choricero Hacendado,1.55,0.14,2026-02-11 20:02:24
2632,Carpaccio de vacuno,4.1,0.11,2026-02-11 20:07:55
2810,Carrillada de cerdo,6.55,0.5,2026-02-11 20:07:31
4425,Carrillada de cerdo congelada,5.75,0.46,2026-02-11 20:10:10
21101,Carrillada de vacuno congelado,10.5,0.6,2026-02-11 20:10:09
60101,Carrillada de vacuno guisada en salsa de vino tinto Listo para Comer con cebolla confitada y patatas asadas mini,20.0,0.8,2026-01-20 07:44:05
21554,Carrilladas de cerdo al vino,8.9,0.7,2026-02-11 20:08:06
5940,Castañas,3.5,0.5,2025-12-25 19:43:15
34194,Castañas cocidas y peladas Hacendado,1.4,0.1,2026-02-11 20:03:37
64145,Castañas heladas de nata Hacendado,3.0,0.32,2026-02-11 20:10:13
28969,Cava brut Anna Codorníu,9.95,0.75,2026-02-11 20:06:09
28921,Cava brut Cabré & Sabaté,3.3,0.75,2026-02-11 20:06:08
22977,Cava brut Cabré & Sabaté,1.75,0.2,2026-02-11 20:06:08
28005,Cava brut Freixenet,6.5,0.75,2026-01-28 19:41:07
28908,Cava brut nature Jaume Serra,3.95,0.75,2026-02-11 20:06:09
28938,Cava brut nature reserva vintage Cabré & Sabaté,4.7,0.75,2026-02-11 20:06:09
28945,Cava brut rosado Cabré & Sabaté,3.55,0.75,2026-01-06 19:36:23
28949,Cava brut Señorío De Requena,3.7,0.75,2026-02-11 20:06:08
28939,Cava semi seco Cabré & Sabaté,3.2,0.75,2026-02-11 20:06:09
28959,Cava semi seco Cabré & Sabaté Ice,4.1,0.75,2026-02-11 20:06:10
28006,Cava semi seco Freixenet,6.5,0.75,2026-01-27 07:26:59
28951,Cava semi seco Señorío De Requena,3.55,0.75,2026-02-11 20:06:10
34178,Cayena guindillas Hacendado,1.36,0.027,2026-02-11 20:02:02
37417,Cayena molida Hacendado,1.65,0.055,2026-02-11 20:02:02
85793,Caña de cacao Hacendado,0.58,0.1,2026-02-02 20:03:14
52992,Caña de hojaldre rellena de crema sabor vainilla Hacendado con cobertura de cacao,1.7,0.255,2026-02-11 20:20:56
21424,Caña de lomo cebo ibérico Finura de Ibérico,16.62,0.35,2026-02-11 20:09:13
58166,Caña de lomo cebo ibérico La Hacienda del ibérico,22.5,0.5,2025-12-02 07:29:01
58260,Caña de lomo cebo ibérico La Hacienda del ibérico,72.0,1.6,2026-01-11 07:27:55
52749,Cebolla caramelizada Hacendado,1.7,0.19,2026-02-11 20:11:36
34138,Cebolla en polvo Hacendado,0.94,0.06,2026-02-11 20:02:01
34208,Cebolla frita crujiente Hacendado,1.15,0.15,2026-02-11 20:01:59
69641,Cebolla guarnición,2.0,0.5,2025-12-30 19:47:37
5399,Cebolla roja Olives García en vinagre,3.15,0.72,2026-01-09 19:33:14
13568,Cebolla troceada Hacendado ultracongelada,1.04,0.45,2026-02-11 20:11:02
69079,Cebollas,3.9,2.0,2026-02-11 20:15:49
69089,Cebollas,2.4,1.0,2026-02-11 20:15:49
69155,Cebollas dulces,2.5,1.0,2026-02-11 20:15:50
69162,Cebollas rojas,1.4,0.5,2026-02-11 20:15:50
69139,Cebollas tiernas,1.7,1.0,2026-02-11 20:15:48
69286,Cebollino,1.8,0.02,2026-02-11 20:16:03
33141,Cebollitas Hacendado,1.65,0.35,2026-02-11 20:03:28
59101,Cecina ahumada natural Embutidos Pajariel lonchas,4.2,0.1,2026-02-11 20:09:18
20341,Centro paletilla de cordero asado fácil,13.8,0.6,2026-01-04 19:35:32
15637,Cepillo de uñas Deliplus,1.9,1.0,2026-02-11 20:14:41
9823,Cepillo dental Duro Deliplus,1.1,1.0,2026-02-11 20:14:09
12838,Cepillo dental Eléctrico Oral-B Vitality Pro Precision Clean,24.0,1.0,2026-02-11 20:14:11
35406,Cepillo dental Infantil Deliplus,0.9,1.0,2026-02-11 20:14:09
9822,Cepillo dental Medio Deliplus,1.1,1.0,2026-02-11 20:14:08
11631,Cepillo dental Medio Deliplus + Action,1.5,1.0,2026-02-11 20:14:10
52472,Cepillo dental Sensitive Deliplus encías y dientes sensibles,1.3,1.0,2026-02-11 20:14:09
9821,Cepillo dental Suave Deliplus,1.1,1.0,2026-02-11 20:14:08
79576,Cepillo limpiabiberón y tetina Deliplus,2.5,1.0,2026-02-11 20:05:13
86643,Cepillo para lavar con asa Bosque Verde,1.9,1.0,2026-02-11 20:18:31
35714,Cepillos interdentales Extrafinos cónicos Deliplus,1.5,1.0,2026-02-11 20:14:12
35733,Cepillos interdentales Finos cónicos Deliplus,1.5,1.0,2026-02-11 20:14:13
35703,Cepillos interdentales Micro Deliplus,1.5,1.0,2026-02-11 20:14:16
35639,Cera cabello Brillo Deliplus fijación 4,3.1,0.1,2026-02-11 20:12:52
14433,Cera cabello Mate Deliplus fijación 4,3.1,0.1,2026-02-11 20:12:51
67534,Cera caliente en tarro Deliplus piel sensible,4.1,0.25,2026-02-11 20:13:33
12932,Cera facial caliente en tarro Deliplus piel sensible,3.75,0.1,2026-02-11 20:13:33
13995,Cera Multisuperficies Bosque Verde,4.5,1.0,2026-02-11 20:17:42
2813,Cerdo a tacos,3.22,0.56,2026-02-11 20:07:32
15611,Cereales avena Crunchy Hacendado,1.9,0.4,2026-02-11 20:08:15
52751,Cereales avena Crunchy Hacendado de cacao,2.15,0.4,2026-02-11 20:08:15
9532,Cereales Cereal Mix Hacendado 0% azúcares añadidos,2.4,0.375,2026-02-11 20:08:15
60236,Cereales con salvado de trigo Fibra Sticks Hacendado,1.8,0.5,2026-02-11 20:08:14
22966,Cereales copos de maíz Corn Flakes Hacendado 0% azúcares añadidos,1.5,0.5,2026-02-11 20:08:08
9210,Cereales copos de maíz Corn Flakes Kellogg's,3.0,0.5,2026-02-11 20:08:09
9508,Cereales copos de trigo Chocodays Hacendado con chocolate,2.0,0.5,2026-02-11 20:08:09
9571,Cereales copos de trigo espelta integral Hacendado 0% azúcares añadidos,1.7,0.4,2026-02-11 20:08:11
9488,Cereales copos de trigo integral y arroz Hacendado 0% azúcares añadidos,2.0,0.5,2026-02-11 20:08:11
9487,Cereales copos de trigo integral y arroz Hacendado bañados en chocolate con leche,2.65,0.375,2026-02-11 20:08:12
35707,Cereales copos de trigo integral y arroz Special K Classic,3.25,0.45,2026-02-11 20:08:11
52772,Cereales copos tostados de trigo integral y arroz Hacendado con chocolate,2.3,0.425,2026-02-11 20:08:13
35987,Cereales de arroz inflado Choco Krispies Kellogg's con chocolate,3.65,0.42,2026-02-11 20:08:09
80515,Cereales estrellas de maíz Stars Hacendado con miel,2.1,0.4,2026-02-11 20:08:08
9377,Cereales rellenos de chocolate y avellana Hacendado,2.1,0.5,2026-02-11 20:08:08
9547,Cereales rellenos de crema de cacao y avellana Hacendado sin gluten,2.25,0.4,2026-02-11 20:08:10
9264,Cereales rellenos de leche Hacendado,2.4,0.5,2026-02-11 20:08:07
11187,Cereales solubles con achicoria Hacendado,2.15,0.15,2026-02-11 20:06:54
9474,Cereales y semillas granola Hacendado con frutos secos,2.4,0.4,2026-02-11 20:08:13
3651,Cerezas,3.52,0.3,2026-01-25 19:45:05
9776,"Cerveza 0,0% sin alcohol El Águila sin filtrar",5.34,1.98,2025-11-10 20:01:32
9777,"Cerveza 0,0% sin alcohol El Águila sin filtrar",0.89,0.33,2025-11-13 19:31:43
66394,"Cerveza 0,0% sin alcohol Falke",2.34,1.5,2026-02-10 07:59:20
15990,"Cerveza 0,0% sin alcohol Falke",0.39,0.25,2026-02-10 07:59:21
66392,"Cerveza 0,0% sin alcohol Falke",4.32,3.96,2026-02-11 20:05:50
66393,"Cerveza 0,0% sin alcohol Falke",0.36,0.33,2026-02-11 20:05:50
27187,"Cerveza 0,0% sin alcohol San Miguel",3.48,1.5,2026-02-11 20:05:48
60581,"Cerveza 0,0% sin alcohol San Miguel",0.61,0.25,2026-02-11 20:05:48
12913,"Cerveza 0,0% sin alcohol tostada Falke",3.68,2.64,2026-02-11 20:05:50
13418,"Cerveza 0,0% sin alcohol tostada Falke",0.46,0.33,2026-02-11 20:05:51
66558,"Cerveza 0,0% sin alcohol tostada Mahou",6.9,1.98,2026-02-11 20:05:49
67026,"Cerveza 0,0% sin alcohol tostada Mahou",1.15,0.33,2026-02-11 20:05:49
66447,Cerveza Amstel,9.0,3.96,2026-02-11 20:05:28
66445,Cerveza Amstel,0.75,0.33,2026-02-11 20:05:28
86046,Cerveza Amstel,9.54,6.0,2026-02-11 20:05:36
28069,Cerveza Amstel,1.59,1.0,2026-02-11 20:05:36
66413,Cerveza Amstel,5.52,3.0,2026-02-11 20:05:36
15859,Cerveza Amstel,0.53,0.25,2026-02-11 20:05:37
66027,Cerveza clásica Mahou,9.24,3.96,2026-02-11 20:05:29
27178,Cerveza clásica Mahou,0.82,0.33,2026-02-11 20:05:29
66462,Cerveza Clásica Steinburg,3.84,3.96,2026-02-11 20:05:27
66463,Cerveza Clásica Steinburg,0.32,0.33,2026-02-11 20:05:27
66465,Cerveza Clásica Steinburg,5.7,6.0,2026-02-11 20:05:38
66466,Cerveza Clásica Steinburg,0.95,1.0,2026-02-11 20:05:38
22467,Cerveza Clásica Steinburg,3.96,3.0,2026-02-11 20:05:38
22489,Cerveza Clásica Steinburg,0.33,0.25,2026-02-11 20:05:39
5396,Cerveza con aguardiente de agave Desperados,5.94,1.5,2026-02-11 20:05:46
5397,Cerveza con aguardiente de agave Desperados,1.03,0.25,2026-02-11 20:05:46
66172,Cerveza Corona,7.92,2.13,2026-01-22 19:37:07
27355,Cerveza Corona,1.5,0.355,2026-01-22 19:37:08
52723,Cerveza Corona,7.32,1.98,2026-02-11 20:05:44
52724,Cerveza Corona,1.39,0.33,2026-02-11 20:05:45
52853,Cerveza de trigo Paulaner,7.38,1.98,2026-02-11 20:05:43
52854,Cerveza de trigo Paulaner,1.29,0.33,2026-02-11 20:05:43
66432,Cerveza doble malta 1897,3.18,1.98,2026-02-11 20:05:33
66433,Cerveza doble malta 1897,0.53,0.33,2026-02-11 20:05:33
28057,Cerveza doble malta Voll-Damm,5.34,1.98,2026-02-11 20:05:30
27137,Cerveza doble malta Voll-Damm,0.89,0.33,2026-02-11 20:05:30
13895,Cerveza El Águila sin filtrar,5.1,1.98,2026-02-11 20:05:41
27456,Cerveza El Águila sin filtrar,0.89,0.33,2026-02-11 20:05:41
60315,Cerveza especial 18/70 La Rubia,4.2,1.5,2025-11-27 07:23:19
60316,Cerveza especial 18/70 La Rubia,0.7,0.25,2025-11-30 19:30:35
66586,Cerveza especial Estrella Galicia,7.6,3.3,2026-02-11 20:05:34
27357,Cerveza especial Estrella Galicia,0.93,0.33,2026-02-11 20:05:34
66587,Cerveza especial Estrella Galicia,8.16,3.0,2026-02-11 20:05:41
15936,Cerveza especial Estrella Galicia,0.71,0.25,2026-02-11 20:05:41
9826,Cerveza especial Mahou,8.4,3.3,2026-02-11 20:05:29
27136,Cerveza especial Mahou,0.89,0.33,2026-02-11 20:05:29
86866,Cerveza especial mini Mahou,6.12,2.4,2026-02-11 20:05:42
86867,Cerveza especial mini Mahou,0.63,0.2,2026-02-11 20:05:43
66026,Cerveza especial San Miguel,6.96,3.96,2026-02-11 20:05:31
27103,Cerveza especial San Miguel,0.74,0.33,2026-02-11 20:05:31
86311,Cerveza especial sin gluten Falke,3.84,2.64,2026-02-11 20:05:35
86312,Cerveza especial sin gluten Falke,0.48,0.33,2026-02-11 20:05:35
12033,Cerveza especial Steinburg,4.2,3.96,2026-02-11 20:05:32
12036,Cerveza especial Steinburg,0.35,0.33,2026-02-11 20:05:32
52652,Cerveza especial Steinburg,4.68,3.0,2026-02-11 20:05:44
52653,Cerveza especial Steinburg,0.39,0.25,2026-02-11 20:05:44
66009,Cerveza extra 1906 reserva especial,7.38,1.98,2025-11-16 19:30:04
67092,Cerveza extra 1906 reserva especial,1.28,0.33,2026-02-11 20:05:42
21497,Cerveza extra 1906 reserva especial,5.0,1.32,2026-02-11 20:05:42
27679,Cerveza Heineken,5.6,2.64,2026-02-11 20:05:28
27100,Cerveza Heineken,0.79,0.33,2026-02-11 20:05:28
27114,Cerveza Heineken,3.72,1.5,2026-02-11 20:05:39
70745,Cerveza Heineken,0.7,0.25,2026-02-11 20:05:40
14988,Cerveza negra Ambar,6.0,1.98,2026-02-11 20:05:35
14989,Cerveza negra Ambar,1.0,0.33,2026-02-11 20:05:36
66469,Cerveza Pils Krombacher,3.9,1.98,2026-02-11 20:05:32
66470,Cerveza Pils Krombacher,0.65,0.33,2026-02-11 20:05:32
86313,"Cerveza Radler Falke 0,0% sin alcohol",3.6,2.64,2026-02-11 20:05:47
86314,"Cerveza Radler Falke 0,0% sin alcohol",0.45,0.33,2026-02-11 20:05:47
66783,Cerveza Radler Steinburg con zumo natural de limón,4.92,3.96,2026-02-11 20:05:45
66554,Cerveza Radler Steinburg con zumo natural de limón,0.41,0.33,2026-02-11 20:05:45
27150,Cerveza reserva 1925 Alhambra,7.98,1.98,2026-02-11 20:05:39
66518,Cerveza reserva 1925 Alhambra,1.49,0.33,2026-02-11 20:05:39
66770,Cerveza Shandy Steinburg sabor limón,4.32,3.96,2026-02-11 20:05:46
66771,Cerveza Shandy Steinburg sabor limón,0.36,0.33,2026-02-11 20:05:46
23694,Cerveza sin alcohol Falke,4.32,3.96,2026-02-11 20:05:49
23695,Cerveza sin alcohol Falke,0.36,0.33,2026-02-11 20:05:50
11620,"Cerveza sin gluten 0,0% sin alcohol tostada Mahou",6.88,2.64,2026-02-11 20:05:51
11621,"Cerveza sin gluten 0,0% sin alcohol tostada Mahou",0.91,0.33,2026-02-11 20:05:51
66485,Cerveza Suave Steinburg,3.84,3.96,2026-02-11 20:05:30
66486,Cerveza Suave Steinburg,0.32,0.33,2026-02-11 20:05:31
86315,Cerveza tostada 1897,3.0,1.98,2026-02-11 20:05:34
86316,Cerveza tostada 1897,0.5,0.33,2026-02-11 20:05:34
60600,Cerveza tostada Turia,8.28,3.96,2026-02-11 20:05:33
60980,Cerveza tostada Turia,0.89,0.33,2026-02-11 20:05:33
67154,Cerveza tostada Turia,7.92,3.0,2026-02-11 20:05:40
67031,Cerveza tostada Turia,0.69,0.25,2026-02-11 20:05:40
69682,Chalotas,1.75,0.25,2025-12-30 19:47:37
26951,Champiñones blancos,1.5,0.3,2026-02-11 20:16:01
69672,Champiñones grandes,2.45,0.43,2026-01-09 19:48:24
16618,Champiñones laminados Hacendado,1.0,0.355,2026-02-11 20:11:31
69519,Champiñones laminados limpios,2.11,0.32,2026-02-11 20:16:00
69651,Champiñones pequeños,1.54,0.3,2026-01-09 19:48:22
69664,Champiñones Portobello,2.16,0.3,2026-02-11 20:16:01
16625,Champiñón entero Hacendado,1.45,0.355,2026-02-11 20:11:31
16616,Champiñón laminado Hacendado,1.8,0.45,2026-02-11 20:11:31
35397,Champú anticaspa Citric Ultrex cabello graso,2.5,0.36,2026-02-11 20:12:16
20955,Champú anticaspa Citrus Fresh H&S cabello graso,3.95,0.33,2026-02-11 20:12:15
20956,Champú anticaspa Menthol Fresh H&S,3.95,0.33,2026-02-11 20:12:15
35398,Champú anticaspa Menthol Ultrex todo tipo de cabello,2.5,0.36,2026-02-11 20:12:16
11585,Champú Anticaída Fortificante Deliplus,2.05,0.4,2026-02-11 20:12:14
44337,Champú Argan Oil Deliplus cabello seco y dañado,2.05,0.4,2026-02-11 20:12:10
86076,Champú Color Intense Deliplus cabello teñido o con mechas,2.05,0.4,2025-12-22 07:31:15
21463,Champú Color Protect Deliplus cabello teñido,2.05,0.4,2026-02-11 20:12:15
52800,Champú Color Vive Elvive cabello teñido o con mechas,3.45,0.3,2026-02-11 20:12:11
22629,Champú Curl Perfect Deliplus cabello rizado,2.05,0.4,2026-02-11 20:12:12
44330,Champú Dermo Sensitive Deliplus cuero cabelludo sensible,2.05,0.4,2026-02-11 20:12:12
44296,Champú Detox Deliplus cabello graso,2.05,0.4,2026-02-11 20:12:10
44280,Champú Extra Suave Deliplus todo tipo de cabello,1.8,0.75,2026-02-11 20:12:12
52801,Champú Hidra Hialurónico Elvive cabello deshidratado,3.45,0.3,2025-12-02 07:32:35
52931,Champú Hydra hyaluronic Deliplus cabello de normal a seco,2.05,0.4,2026-02-11 20:12:10
21544,Champú Hydra revitaliza Pantene cabello muy seco,3.55,0.3,2026-02-11 20:12:14
13065,Champú infantil Deliplus,1.95,0.4,2026-02-11 20:05:16
44320,Champú infantil Kids 3 en 1 Deliplus,1.7,0.3,2026-02-11 20:12:17
7942,Champú Liso Keratina TRESemmé cabello encrespado o dañado,2.95,0.35,2026-02-11 20:12:14
44281,Champú Liss Frizz Control Deliplus cabello rebelde,2.05,0.4,2026-02-11 20:12:11
44335,Champú Natural Deliplus todo tipo de cabello,2.05,0.4,2026-02-11 20:12:11
8925,Champú perros y gatos con aloe vera Nuske efecto repelente,3.5,0.31,2026-02-11 20:20:33
67794,Champú Plex Repair Deliplus cabello muy dañado,2.05,0.4,2026-02-11 20:12:13
35419,Champú protección y brillo Deliplus todo tipo de cabello,1.6,1.0,2026-02-11 20:12:09
67800,Champú Protect Triple Action Deliplus preventivo y protector,2.5,0.3,2026-02-11 20:12:18
46568,Champú Repair & Nutrition Deliplus cabello seco y dañado,2.05,0.4,2026-02-11 20:12:09
35612,Champú Repara & Protege Pantene cabello débil y dañado,3.55,0.3,2026-02-11 20:12:10
44233,Champú seco O'lysee,2.0,0.2,2026-02-11 20:12:12
86306,"Champú Silver Blond Deliplus cabello rubio, decolorado y grises,",2.75,0.4,2026-02-11 20:12:13
20954,Champú y acondicionador anticaspa Classic 2 en 1 H&S,3.95,0.33,2026-02-11 20:12:16
35399,Champú y acondicionador anticaspa Classic 2 en 1 Ultrex todo tipo de cabello,2.5,0.36,2026-02-11 20:12:17
44286,Champú Zero Deliplus todo tipo de cabello,2.05,0.4,2026-02-11 20:12:13
52614,Chicles eucalipto gragea Hacendado,1.0,0.045,2026-02-11 20:04:31
65164,Chicles fresa gragea Hacendado,1.0,0.045,2026-02-11 20:04:29
65165,Chicles fresa gragea Hacendado,1.95,0.1,2026-02-11 20:04:30
65161,Chicles hierbabuena gragea Hacendado,1.0,0.045,2026-02-11 20:04:29
65172,Chicles hierbabuena gragea Hacendado,1.95,0.1,2026-02-11 20:04:29
65139,Chicles hierbabuena lámina Hacendado,1.0,0.031,2026-01-31 07:28:39
65177,Chicles jengibre gragea Hacendado,1.0,0.045,2026-02-11 20:04:30
52754,"Chicles Melones ácidos Hacendado sabor melón, fresa, melocotón y frambuesa",1.15,0.1,2026-02-11 20:04:31
65235,Chicles menta fuerte gragea Hacendado,1.0,0.045,2026-02-11 20:04:28
65067,Chicles menta fuerte gragea Hacendado,1.95,0.1,2026-02-11 20:04:28
65147,Chicles menta suave gragea Hacendado,1.0,0.045,2026-02-11 20:04:29
65135,Chicles original sabor frutas gragea Hacendado,1.0,0.045,2026-02-11 20:04:30
65140,Chicles sandía lámina Hacendado,1.0,0.031,2026-02-05 07:48:20
65213,Chicles XXL gragea Hacendado,1.8,0.1,2026-02-11 20:04:30
23137,Chili con carne Hacendado,2.8,0.42,2026-02-11 20:02:23
26775,Chipirones enharinados Hacendado ultracongelado,4.8,0.325,2026-02-11 20:19:43
23560,Chipirones rellenos enteros en aceite de girasol Hacendado,2.25,0.115,2026-02-11 20:11:25
81443,Chirla,4.35,0.5,2026-02-11 20:19:34
2864,Chistorra,1.5,0.22,2026-02-11 20:07:44
12543,Chocolate blanco fundir Hacendado,2.25,0.2,2026-02-11 20:21:06
22408,Chocolate blanco Fussion Hacendado relleno con cremoso de coco y almendras troceadas,1.35,0.1,2026-02-11 20:04:44
9891,Chocolate blanco Fussion Hacendado relleno de crema de galleta y cacao,1.35,0.11,2026-02-11 20:04:44
12476,Chocolate blanco Hacendado,1.15,0.1,2026-02-11 20:04:43
15101,Chocolate con leche classic Hacendado extrafino,1.3,0.125,2026-02-11 20:04:42
12562,Chocolate con leche extrafino Nestlé,1.8,0.125,2026-02-11 20:04:39
12533,Chocolate con leche fundir Hacendado,2.35,0.2,2026-02-11 20:21:08
86798,Chocolate con leche Fussion Hacendado relleno crema de fresa,1.35,0.11,2026-02-11 20:04:41
15527,"Chocolate con leche Fussion Hacendado relleno cremoso, avellanas y barquillo crujiente",1.35,0.1,2026-02-11 20:04:42
16279,Chocolate con leche Fussion Hacendado relleno de crema de pistacho y masa filo tostada,2.25,0.135,2026-02-11 20:04:43
70756,Chocolate con leche Fussion Hacendado relleno de galleta caramelizada,1.35,0.11,2026-02-11 20:04:42
19988,Chocolate con leche Hacendado almendras enteras,2.5,0.15,2026-02-11 20:04:43
15633,Chocolate con leche Hacendado avellanas troceadas,1.65,0.15,2026-02-11 20:04:40
12151,Chocolate con leche Milka,2.15,0.15,2026-02-11 20:04:40
12016,Chocolate con leche Milka galleta,4.5,0.3,2026-02-11 20:04:41
12107,Chocolate con leche Valor almendras enteras,5.25,0.25,2026-02-11 20:04:40
12946,Chocolate extrafino con leche Hacendado 0% azúcares añadidos,1.35,0.1,2026-02-11 20:04:41
12037,Chocolate extrafino con leche Hacendado almendras enteras,2.0,0.2,2026-02-11 20:04:40
10005,Chocolate líquido a la taza Hacendado,2.45,1.0,2026-02-11 20:06:33
70652,Chocolate negro 55% cacao Hacendado,1.75,0.15,2026-02-11 20:04:39
40358,Chocolate negro 55% cacao Hacendado con almendras,2.6,0.2,2026-02-11 20:04:36
12530,Chocolate negro 70% cacao fundir Hacendado 0% azúcares añadidos,3.4,0.2,2026-02-11 20:21:08
22703,Chocolate negro 72% cacao Hacendado con trozos de naranja,1.95,0.1,2026-02-11 20:04:38
23773,Chocolate negro 72% de cacao Hacendado,1.8,0.1,2026-02-11 20:04:36
29062,Chocolate negro 72% de cacao Hacendado con almendras enteras,2.85,0.2,2026-02-11 20:04:37
9820,Chocolate negro 72% de cacao Hacendado con almendras enteras,3.0,0.15,2026-02-11 20:04:39
12524,Chocolate negro 85% cacao extrafino y edulcorante Hacendado 0% azúcares añadidos,2.3,0.1,2026-02-11 20:04:38
60722,Chocolate negro 85% cacao Hacendado,1.95,0.1,2026-02-11 20:04:35
12531,Chocolate negro fundir Hacendado,2.35,0.2,2026-02-11 20:21:04
12126,Chocolate puro Valor,5.25,0.3,2026-02-11 20:04:36
12130,Chocolate puro Valor con almendras enteras,5.25,0.25,2026-02-11 20:04:37
12431,Chocolatinas de chocolate negro Royal Mints 49% rellenas de crema sabor a menta,2.4,0.2,2026-02-11 20:04:37
59333,Chopped cerdo Hacendado lonchas,1.4,0.25,2026-02-11 20:08:57
59340,Chopped cocido en lata Hacendado finas lonchas,1.7,0.15,2026-02-08 07:46:47
16260,Chopped cocido en lata Hacendado finas lonchas,1.85,0.2,2026-02-11 20:08:58
59332,Chopped Hacendado,2.25,0.5,2026-02-11 20:08:58
6046,Chorizo aperitivo,2.59,0.3,2025-11-16 19:32:36
59154,Chorizo asturiano,2.8,0.25,2026-02-11 20:07:07
58160,Chorizo cular ibérico extra La Hacienda del ibérico,9.5,0.5,2026-02-11 20:09:09
58264,Chorizo cular ibérico extra La Hacienda del ibérico,18.62,0.98,2026-01-13 07:27:40
15112,Chorizo de bellota ibérico cortado a máquina,4.07,0.11,2026-02-11 20:09:08
58388,Chorizo de bellota ibérico cular cortado a máquina,4.07,0.11,2026-01-12 07:32:13
58387,Chorizo de bellota ibérico extra cular Juan del Roble,31.05,1.15,2026-01-13 07:27:40
58245,Chorizo de bellota ibérico La hacienda del ibérico,6.46,0.38,2026-02-11 20:09:10
58265,Chorizo de cebo ibérico cortado a máquina,3.19,0.11,2026-01-12 07:32:13
15104,Chorizo de cebo ibérico cortado a máquina,3.19,0.11,2026-02-11 20:09:08
59158,Chorizo de pavo extra Hacendado lonchas,2.8,0.15,2026-02-11 20:09:06
54105,Chorizo de Tarancón Bricio,3.2,0.35,2026-02-11 20:09:09
54209,Chorizo dulce extra Hacendado,2.49,0.28,2026-02-11 20:09:09
59086,Chorizo extra Hacendado lonchas,2.0,0.24,2026-02-11 20:09:06
59080,Chorizo extra pimienta Hacendado finas lonchas,1.85,0.1,2026-02-11 20:09:08
60699,Chorizo ibérico extra La Hacienda del ibérico lonchas,2.3,0.125,2026-02-11 20:09:07
6048,Chorizo oreado,2.57,0.36,2026-02-11 20:07:44
12073,Chorizo Pamplona extra Hacendado lonchas,2.0,0.24,2026-02-11 20:09:06
6047,Chorizo picante aperitivo,2.59,0.3,2026-02-11 20:07:47
54210,Chorizo picante extra Hacendado,2.49,0.28,2026-02-11 20:09:07
12084,Chorizo picante extra Hacendado lonchas,2.5,0.24,2026-02-11 20:09:07
23145,Chorizo sarta extra ahumado De León,4.3,0.35,2026-02-11 20:09:10
23146,Chorizo sarta extra picante De León,4.3,0.35,2026-02-11 20:09:10
16717,Chucrut al estilo bávaro Hengstenberg,2.2,0.68,2026-02-11 20:11:37
4900,Chuletas aguja de cerdo,4.2,0.75,2026-02-11 20:07:37
4334,Chuletas cordero de lechal congeladas,15.4,0.55,2026-02-11 20:10:09
23305,Chuletas de cerdo sajonia,3.67,0.39,2026-02-11 20:08:03
5186,Chuletas de cordero palo o riñonada congeladas,10.77,0.6,2026-01-26 07:31:45
4363,Chuletas de cordero palo y riñonada,15.5,0.5,2026-02-11 20:07:41
4523,Chuletas de pavo contramuslo,4.72,0.66,2026-02-11 20:07:08
4901,Chuletas lomo de cerdo,3.55,0.55,2026-02-11 20:07:36
79663,Chupete silicona reversible Deliplus +0 a 6 meses,2.5,1.0,2026-02-11 20:05:14
79497,Chupete silicona reversible Deliplus +18 meses,2.5,1.0,2026-02-11 20:05:15
79493,Chupete silicona reversible Deliplus +6 a 18 meses luminiscente,2.5,1.0,2026-02-11 20:05:14
14485,Churrasquito de vacuno añojo,3.55,0.165,2026-02-11 20:07:58
15545,Churros Hacendado ultracongelados,1.5,0.5,2026-02-11 20:10:58
62323,Cigala cruda grande Hacendado ultracongelado,16.95,0.5,2026-02-11 20:19:30
62322,Cigala cruda mediana Hacendado ultracongelada,9.38,0.34,2026-02-11 20:19:30
69690,Cilantro,1.25,0.02,2026-02-11 20:16:02
34721,Cilantro Hacendado,1.85,0.012,2026-02-11 20:01:55
73128,Cinta dental con cera y sabor menta,2.5,1.0,2026-02-11 20:14:15
3649,Ciruela amarilla,0.48,0.12,2025-11-16 19:42:49
20020,Ciruelas desecadas sin hueso Hacendado,2.14,0.25,2026-02-11 20:03:47
31312,Claras de huevo líquidas pasteurizadas,2.85,1.0,2026-02-11 20:16:16
31309,Claras de huevo líquidas pasteurizadas,1.7,0.3,2026-02-11 20:16:16
34122,Clavo en grano Hacendado,1.75,0.042,2026-02-11 20:02:03
23414,Cloro 5 acciones disolución lenta tabletas para piscina,28.3,5.0,2026-02-11 20:17:38
80320,Cloro rápido granulado para piscina,32.5,5.0,2026-02-11 20:17:36
85028,Cocas Cidoncha congeladas,2.4,0.36,2026-02-11 20:22:16
85827,Cocas de dacsa Susana congeladas,1.9,0.55,2026-02-11 20:22:16
52990,Cocido Hacendado,1.9,0.42,2026-02-11 20:22:31
34047,Cocktail crunchy sabores Hacendado,1.75,0.2,2026-02-11 20:03:44
34924,Cocktail fruta deshidratada Hacendado,1.9,0.2,2026-02-11 20:03:46
14926,Cocktail galletitas de aperitivo Hacendado,1.65,0.3,2026-01-28 07:25:21
30138,Cocktail mezcla aperitivos fritos Hacendado,1.0,0.1,2026-02-11 20:03:57
34231,Cocktail mezcla Hacendado,1.75,0.3,2026-02-11 20:03:43
86809,Cocktail natural Hacendado,2.7,0.2,2026-02-11 20:03:45
11513,Cocktail rodeo Hacendado,1.85,0.3,2026-02-11 20:03:45
80450,Cocktail rumba Hacendado,1.75,0.3,2026-02-11 20:03:46
60015,Cocktail tostado 0% sal añadida Hacendado,2.8,0.2,2026-02-11 20:03:45
60009,Cocktail tostado y ahumado Hacendado,2.8,0.2,2026-02-11 20:03:46
34035,Coco rallado Hacendado,1.3,0.125,2026-02-11 20:21:57
52784,Codillo de cerdo,5.7,0.95,2026-02-11 20:07:38
13710,Codillo de cerdo asado Hacendado,4.61,0.72,2026-02-11 20:22:23
2796,Codornices,4.2,0.35,2026-02-11 20:07:10
69582,Cogollos corazón de lechuga,2.0,6.0,2026-02-11 20:15:42
69581,Cogollos de lechuga,1.05,3.0,2026-02-11 20:15:40
24340,Cola de rape del Cabo sin piel Hacendado ultracongelada,8.98,,2026-02-11 20:19:39
24102,Colas de gambón crudo Hacendado congelado,6.55,0.25,2026-02-11 20:19:31
69379,Coles de bruselas,2.1,0.5,2026-02-11 20:15:59
61248,Coles de Bruselas Hacendado ultracongeladas,1.65,0.45,2026-02-11 20:11:11
52422,Colgador antipolillas Lavanda Bosque Verde,1.55,1.0,2026-02-11 20:17:17
52423,Colgador antipolillas Ropa Limpia Bosque Verde,1.55,1.0,2026-02-11 20:17:16
43484,Colgador WC Azul limpieza activa Bosque Verde,1.25,0.08,2026-01-18 07:35:04
43474,Colgador WC Azul perfume marino Bosque Verde,1.25,0.08,2026-02-11 20:17:46
19907,Colgador WC Maxigotas Dália Bosque Verde,1.3,0.08,2026-02-11 20:17:49
8264,Colgador WC Maxigotas Spa Bosque Verde,1.3,0.08,2026-02-11 20:17:49
35926,Colgador WC Power Activ Pino Bref,2.95,0.1,2026-02-11 20:17:49
69220,Coliflor,2.52,1.23,2026-02-11 20:15:58
61231,Coliflor Hacendado ultracongelada,2.13,1.0,2026-02-11 20:11:12
61006,"Coliflor, brócoli y zanahoria Hacendado ultracongelada",2.0,1.0,2026-02-11 20:11:11
73252,Coloración permanente 0% amoníaco 1 negro Colorcor,3.9,1.0,2026-02-11 20:12:19
73253,Coloración permanente 0% amoníaco 1.88 negro azulado intenso Colorcor,3.9,1.0,2026-02-11 20:12:19
73273,Coloración permanente 0% amoníaco 10.0 rubio extra claro Colorcor,3.9,1.0,2026-02-11 20:12:37
73274,Coloración permanente 0% amoníaco 101 rubio platino ceniza Colorcor,3.9,1.0,2026-02-11 20:12:38
73014,Coloración permanente 0% amoníaco 3 castaño oscuro Colorcor,3.9,1.0,2026-02-11 20:12:20
73256,Coloración permanente 0% amoníaco 4.15 chocolate helado Colorcor,3.9,1.0,2026-02-11 20:12:22
73257,Coloración permanente 0% amoníaco 5 castaño claro Colorcor,3.9,1.0,2026-02-11 20:12:23
22693,Coloración permanente 0% amoníaco 5.1 castaño claro ceniza Colorcor,3.9,1.0,2026-02-11 20:12:24
73258,Coloración permanente 0% amoníaco 5.35 chocolate Colorcor,3.9,1.0,2026-02-11 20:12:24
73259,Coloración permanente 0% amoníaco 5.69 violín Colorcor,3.9,1.0,2026-02-11 20:12:39
73260,Coloración permanente 0% amoníaco 6.0 rubio oscuro luminoso Colorcor,3.9,1.0,2026-02-11 20:12:26
22694,Coloración permanente 0% amoníaco 6.1 rubio oscuro ceniza Colorcor,3.9,1.0,2026-02-11 20:12:27
86414,Coloración permanente 0% amoníaco 6.34 caramelo miel Colorcor,3.9,1.0,2026-02-11 20:12:27
73261,Coloración permanente 0% amoníaco 6.6 rubio oscuro rojizo Colorcor,3.9,1.0,2026-02-11 20:12:39
73262,Coloración permanente 0% amoníaco 6.74 marrón cobrizo Colorcor,3.9,1.0,2026-02-11 20:12:40
72000,Coloración permanente 0% amoníaco 7 rubio Colorcor,3.9,1.0,2026-02-11 20:12:29
73264,Coloración permanente 0% amoníaco 7.0 rubio medio luminoso Colorcor,3.9,1.0,2026-02-11 20:12:29
22695,Coloración permanente 0% amoníaco 7.1 rubio medio ceniza Colorcor,3.9,1.0,2026-02-11 20:12:30
73265,Coloración permanente 0% amoníaco 7.13 rubio beige Colorcor,3.9,1.0,2026-02-11 20:12:31
73266,Coloración permanente 0% amoníaco 7.44 rubio cobrizo Colorcor,3.9,1.0,2026-02-11 20:12:41
73268,Coloración permanente 0% amoníaco 8.0 rubio claro luminoso Colorcor,3.9,1.0,2026-02-11 20:12:32
22696,Coloración permanente 0% amoníaco 8.1 rubio claro ceniza Colorcor,3.9,1.0,2026-02-11 20:12:33
73269,Coloración permanente 0% amoníaco 8.31 rubio miel Colorcor,3.9,1.0,2026-02-11 20:12:34
73270,Coloración permanente 0% amoníaco 8.66 rojo rubí Colorcor,3.9,1.0,2026-02-11 20:12:42
73272,Coloración permanente 0% amoníaco 9.0 rubio muy claro luminoso Colorcor,3.9,1.0,2026-02-11 20:12:35
22697,Coloración permanente 0% amoníaco 9.1 rubio muy claro ceniza Colorcor,3.9,1.0,2026-02-11 20:12:35
73182,Coloración permanente 1 negro Colorcor,3.9,1.0,2026-02-11 20:12:19
77783,Coloración permanente 1.0 ultra negro Color Sensation,3.9,1.0,2026-02-11 20:12:19
73184,Coloración permanente 10 rubio extra claro Colorcor,3.9,1.0,2026-02-11 20:12:36
75625,Coloración permanente 10 rubio muy claro Excellence Creme,8.9,1.0,2026-02-11 20:12:36
73185,Coloración permanente 100 rubio platino natural Colorcor,3.9,1.0,2026-02-11 20:12:37
73147,Coloración permanente 101 rubio platino ceniza Colorcor,3.9,1.0,2026-02-11 20:12:37
77799,Coloración permanente 110 rubio extra claro ceniza Color Sensation,3.9,1.0,2026-02-11 20:12:38
73149,Coloración permanente 2.10 negro azulado Colorcor,3.9,1.0,2026-02-11 20:12:20
73150,Coloración permanente 3 castaño oscuro Colorcor,3.9,1.0,2026-02-11 20:12:20
75301,Coloración permanente 3 castaño oscuro Excellence Creme,8.9,1.0,2026-02-11 20:12:21
77787,Coloración permanente 3.16 violín intenso Color Sensation,3.9,1.0,2025-12-04 07:29:30
73255,Coloración permanente 4 castaño 0% amoníaco Colorcor,3.9,1.0,2026-02-11 20:12:21
75302,Coloración permanente 4 castaño Excellence Creme,8.9,1.0,2026-02-11 20:12:22
73195,Coloración permanente 4 castaño medio Colorcor,3.9,1.0,2026-02-11 20:12:21
73153,Coloración permanente 4.15 chocolate helado Colorcor,3.9,1.0,2026-02-11 20:12:22
73154,Coloración permanente 4.5 caoba oscuro Colorcor,3.9,1.0,2026-02-11 20:12:38
73196,Coloración permanente 5 castaño claro Colorcor,3.9,1.0,2026-02-11 20:12:23
75303,Coloración permanente 5 castaño claro Excellence Creme,8.9,1.0,2026-02-11 20:12:23
77791,Coloración permanente 5.0 castaño luminoso Color Sensation,3.9,1.0,2026-02-11 20:12:23
73415,Coloración permanente 5.20 violín Colorcor,3.9,1.0,2026-02-11 20:12:39
78595,Coloración permanente 5.35 castaño canela Color Sensatión,3.9,1.0,2026-02-11 20:12:24
73159,Coloración permanente 5.77 castaño claro marrón intenso Colorcor,3.9,1.0,2026-02-11 20:12:25
73160,Coloración permanente 5.79 marrón chocolate Colorcor,3.9,1.0,2026-02-11 20:12:25
73197,Coloración permanente 6 rubio oscuro Colorcor,3.9,1.0,2026-02-11 20:12:25
75304,Coloración permanente 6 rubio oscuro Excellence Creme,8.9,1.0,2026-02-11 20:12:25
77794,Coloración permanente 6.0  rubio oscuro Color Sensation,3.9,1.0,2026-02-11 20:12:26
75319,Coloración permanente 6.1 rubio ceniza oscuro Excellence Creme,8.9,1.0,2025-11-12 19:38:18
73162,Coloración permanente 6.1 rubio oscuro ceniza Colorcor,3.9,1.0,2026-02-11 20:12:26
73163,Coloración permanente 6.15 marrón macadamia Colorcor,3.9,1.0,2026-02-11 20:12:27
73164,Coloración permanente 6.25 marrón avellana Colorcor,3.9,1.0,2026-02-11 20:12:27
73165,Coloración permanente 6.35 marrón caramelo Colorcor,3.9,1.0,2026-02-11 20:12:28
77795,Coloración permanente 6.35 rubio caramelo Color Sensation,3.9,1.0,2026-02-11 20:12:28
73166,Coloración permanente 6.4 rubio oscuro cobrizo Colorcor,3.9,1.0,2026-02-11 20:12:39
77796,Coloración permanente 6.60 rojo intenso Color Sensation,3.9,1.0,2026-02-11 20:12:40
73167,Coloración permanente 6.60 rojo pasión Colorcor,3.9,1.0,2026-02-11 20:12:40
73192,Coloración permanente 7 1/2.1 rubio medio ceniza Colorcor,3.9,1.0,2026-02-11 20:12:30
75305,Coloración permanente 7 rubio Excellence Creme,8.9,1.0,2026-02-11 20:12:29
73168,Coloración permanente 7 rubio medio Colorcor,3.9,1.0,2026-02-11 20:12:28
75309,Coloración permanente 7.1 rubio ceniza Excellence Creme,8.9,1.0,2026-02-11 20:12:30
73169,Coloración permanente 7.1 rubio medio ceniza Colorcor,3.9,1.0,2026-02-11 20:12:30
75310,Coloración permanente 7.3 rubio dorado Excellence Creme,8.9,1.0,2025-12-15 19:44:17
73170,Coloración permanente 7.3 rubio medio dorado Colorcor,3.9,1.0,2026-02-11 20:12:31
73198,Coloración permanente 7.31 nude beige Colorcor,3.9,1.0,2026-02-11 20:12:31
73171,Coloración permanente 7.40 rubio cobrizo intenso Colorcor,3.9,1.0,2026-02-11 20:12:41
73172,Coloración permanente 7.43 cobre cálido Colorcor,3.9,1.0,2026-02-11 20:12:41
73173,Coloración permanente 7.77 rubio marrón intenso Colorcor,3.9,1.0,2026-02-11 20:12:32
73194,Coloración permanente 8 1/2.1 rubio claro ceniza Colorcor,3.9,1.0,2026-02-11 20:12:33
73174,Coloración permanente 8 rubio claro Colorcor,3.9,1.0,2026-02-11 20:12:32
75306,Coloración permanente 8 rubio claro Excellence Creme,8.9,1.0,2026-02-11 20:12:32
73175,Coloración permanente 8.1 rubio claro ceniza Colorcor,3.9,1.0,2026-02-11 20:12:33
75311,Coloración permanente 8.1 rubio claro ceniza Excellence Creme,8.9,1.0,2025-11-13 07:29:31
73176,Coloración permanente 8.3 rubio claro dorado Colorcor,3.9,1.0,2026-02-11 20:12:34
