id,name,last_price,unit_size,last_update
84397,10 Pasteles de boniato 57%,3.5,0.37,2025-12-30 07:38:38
84815,10 Pasteles de cabello de Ángel 57%,3.5,0.37,2025-12-30 07:38:38
5841,11 Panecillos,1.14,0.495,2025-12-30 07:39:13
84629,12 Mini croissants de mantequilla,2.15,0.24,2025-12-30 07:38:33
84638,12 Mini saladas surtidas,1.25,0.195,2025-12-30 07:38:40
60354,2 Panes integrales 100% fino,1.4,0.165,2025-12-30 07:39:14
84597,24 Mini saladas surtidas,2.5,0.39,2025-12-30 07:38:40
83203.1,3 Barras de pan,1.19,0.75,2025-12-30 07:39:07
83232.1,3 Barras de pan aceite de oliva,1.51,0.6,2025-12-30 07:39:08
83232.2,3 Barras de pan aceite de oliva rebanadas,1.51,0.6,2025-12-30 07:39:16
83203.2,3 Barras de pan rebanadas,1.19,0.75,2025-12-30 07:39:15
9664,3 Bocadillos,1.04,0.39,2025-12-30 07:39:10
12985,3 Susos relleno de crema,1.65,0.153,2025-12-30 07:38:37
69737,3 Vegetales para microondas lavados,1.85,0.3,2025-12-30 07:34:08
6459,4 Panes chapata de cristal,1.3,0.284,2025-12-30 07:39:11
5850,4 Panes de cristal redondos cortados 100 % natural,1.84,0.24,2025-12-30 07:39:14
83452,5 Barras de pan 51% integral,1.36,0.625,2025-12-30 07:39:11
84688,6 Croissant rellenos de cacao,1.75,0.28,2025-12-30 07:38:33
84676,6 Mini empanadillas de pisto,1.75,0.2,2025-12-30 07:38:40
22388,6 Panecillos integrales 100%,1.05,0.27,2025-12-30 07:39:14
83056,6 Panes de centeno 51%,1.47,0.465,2025-12-30 07:39:13
14431,6 Panes de leche 3%,1.51,0.48,2025-12-30 07:39:12
83292,6 Panes pulguitas sin aditivos,1.04,0.24,2025-12-30 07:39:12
43861,70% Alcohol de Limpieza Perfumado Bosque Verde,2.3,1.0,2025-12-30 07:35:51
43112,70% Alcohol limpieza hogar Bosque Verde,2.6,0.75,2025-12-30 07:35:53
84937,8 Croissants surtidos rellenos de crema de cacao y crema con leche sabor a chocolate blanco,2.55,0.3,2025-12-30 07:38:38
84684,8 Magdalenas con azúcar,2.7,0.38,2025-12-30 07:38:35
84900,8 Magdalenas con pepitas de chocolate,3.1,0.38,2025-12-30 07:38:35
12586,99% cacao negro Hacendado,2.7,0.1,2025-12-30 07:22:42
42314,Abrillantador lavavajillas líquido Bosque Verde,1.2,0.75,2025-12-30 07:35:56
86652,Abrillantador lavavajillas líquido Finish,3.15,0.4,2025-12-30 07:35:59
13994,Abrillantador suelos Bosque Verde,2.5,1.0,2025-12-30 07:35:39
72878,Absorbeolores en gel para frigorífico Bosque Verde,1.8,1.0,2025-12-30 07:35:27
16831,Absorbeolores Ropa Limpia Bosque Verde,0.8,1.0,2025-12-30 07:35:27
79217,Aceite corporal aloe vera Deliplus,1.65,0.4,2025-12-30 07:31:07
46815,Aceite corporal de almendras Deliplus 100% natural,3.4,0.2,2025-12-30 07:31:07
46816,Aceite corporal de romero Deliplus 100% natural,3.2,0.2,2025-12-30 07:31:08
46831,Aceite corporal rosa mosqueta Deliplus,4.8,0.03,2025-12-30 07:31:08
4193,Aceite de coco virgen Hacendado,5.45,0.45,2025-12-30 07:19:53
4041,"Aceite de girasol refinado 0,2º Hacendado",8.45,5.0,2025-12-30 07:19:53
4040,"Aceite de girasol refinado 0,2º Hacendado",1.75,1.0,2025-12-30 07:19:53
4241,"Aceite de oliva 0,4º Hacendado",19.75,5.0,2025-12-30 07:19:48
4240,"Aceite de oliva 0,4º Hacendado",4.1,1.0,2025-12-30 07:19:49
4641,Aceite de oliva 1º Hacendado,20.85,5.0,2025-12-30 07:19:50
4640,Aceite de oliva 1º Hacendado,4.35,1.0,2025-12-30 07:19:50
4717,Aceite de oliva virgen extra Hacendado,14.55,3.0,2025-12-30 07:19:49
4740,Aceite de oliva virgen extra Hacendado,4.95,1.0,2025-12-30 07:19:49
4718,Aceite de oliva virgen extra Hacendado,2.8,0.2,2025-12-30 07:19:51
4706,Aceite de oliva virgen extra Hacendado Gran Selección,5.95,0.75,2025-12-30 07:19:49
4850,Aceite de oliva virgen extra Picual Casa Juncal,4.95,0.5,2025-12-30 07:19:51
4711,Aceite de oliva virgen Hacendado,12.85,3.0,2025-12-30 07:19:50
4749,Aceite de oliva virgen Hacendado,4.45,1.0,2025-12-30 07:19:50
52590,Aceite de Ricino Deliplus,3.45,0.03,2025-12-30 07:33:15
46844,Aceite en crema corporal oriental Deliplus,3.0,0.25,2025-12-30 07:31:07
8822,Aceite facial doble limpieza Facial Clean desmaquillante y limpiador,3.75,0.15,2025-12-30 07:31:24
19874,Aceite labial Lip Oil glow infusion Deliplus 01 nude,4.5,0.004,2025-12-20 07:38:02
19873,Aceite labial Lip Oil glow infusion Deliplus 02 cherry,4.5,0.004,2025-12-20 07:38:02
23017,Aceite árbol del té 100% puro Deliplus con pipeta dosificadora,3.0,0.01,2025-12-30 07:33:09
21756,Aceitunas negras de Aragón Campo Nature,2.5,0.2,2025-12-30 07:21:25
8309,Aceitunas negras en rodajas Hacendado,2.0,0.148,2025-12-30 07:21:25
52734,Aceitunas negras sin hueso Hacendado,1.05,0.35,2025-12-30 07:21:24
52733,Aceitunas negras sin hueso Hacendado,3.0,0.35,2025-12-30 07:21:25
33168,Aceitunas verdes Chupadedos Huerta de Barros partidas aliñadas,3.4,0.98,2025-12-30 07:21:20
33205,Aceitunas verdes con hueso Hacendado,1.5,0.43,2025-12-30 07:21:23
33120,Aceitunas verdes con hueso Hacendado sabor anchoa,2.95,0.935,2025-12-30 07:21:23
13422,Aceitunas verdes estilo casero Hacendado partidas aliñadas,2.95,0.94,2025-12-30 07:21:21
80177,Aceitunas verdes Gazpacha Hacendado partidas,2.5,0.835,2025-12-30 07:21:21
86100,Aceitunas verdes partidas Olives Garcia,3.9,0.815,2025-12-30 07:21:23
52622,Aceitunas verdes Picadedos sin hueso Hacendado aliñadas,3.8,0.71,2025-12-30 07:21:24
22910,Aceitunas verdes rellenas de anchoa Hacendado,3.0,1.05,2025-12-30 07:21:19
23217,Aceitunas verdes rellenas de anchoa Hacendado,1.8,0.36,2025-12-30 07:21:19
22911,Aceitunas verdes rellenas de anchoa Hacendado,1.05,0.35,2025-12-30 07:21:20
12764,Aceitunas verdes rellenas de anchoa Hacendado,3.35,0.83,2025-12-30 07:21:21
33078,Aceitunas verdes rellenas de anchoa Hacendado reducidas en sal,1.95,0.36,2025-12-02 07:21:20
33178,Aceitunas verdes rellenas de jalapeño Hacendado,1.75,0.35,2025-12-30 07:21:22
11946,Aceitunas verdes rellenas de pepinillo Hacendado,2.85,0.315,2025-12-30 07:21:24
23708,Aceitunas verdes rellenas de pimiento asado Hacendado,1.75,0.35,2025-12-30 07:21:23
33121,Aceitunas verdes sin hueso aliñadas Hacendado,1.9,0.42,2025-12-30 07:21:22
33053,Aceitunas verdes sin hueso Hacendado,2.8,0.835,2025-12-30 07:21:20
33114,Aceitunas verdes sin hueso Hacendado,1.7,0.525,2025-12-30 07:21:21
69698,Acelgas,2.15,0.8,2025-12-30 07:34:06
69725,Acelgas cortadas y lavadas,1.35,0.3,2025-12-30 07:34:03
16314,Acelgas troceadas Hacendado,1.75,0.66,2025-12-30 07:29:51
52933,Acondicionador instantáneo Hydra hyaluronic Deliplus cabello de normal a seco,2.0,0.25,2025-12-30 07:30:12
9970,Acondicionador instantáneo Kids Deliplus,1.7,0.25,2025-12-30 07:30:11
44326,Acondicionador instantáneo Repair & Nutrition Deliplus cabello seco y dañado,3.0,0.4,2025-12-30 07:30:11
7943,Acondicionador Liso Keratina TRESemmé cabello encrespado o dañado,2.95,0.35,2025-12-30 07:30:12
75532,Acondicionador Protector Color Vive Elvive cabello teñido o con mechas,3.4,0.25,2025-12-30 07:30:12
44363,Acondicionador Repair & Nutrition Deliplus cabello seco y dañado,1.4,0.3,2025-12-30 07:30:11
35615,Acondicionador Repara & Protege Pantene,3.4,0.25,2025-12-30 07:30:11
35420,Acondicionador Suavidad y Brillo Deliplus todo tipo de cabello,1.75,1.0,2025-12-30 07:30:10
40315,Activador Blanqueante ropa blanca Oxi Active Bosque Verde en polvo,3.1,1.0,2025-12-30 07:34:59
40230,Activador Blanqueante ropa blanca Oxi Active Bosque Verde líquido,1.75,2.0,2025-12-30 07:35:00
40317,Activador Quitamanchas ropa de color Oxi Active Bosque Verde en polvo,3.1,1.0,2025-12-30 07:34:59
40233,Activador Quitamanchas ropa de color Oxi Active Bosque Verde líquido,1.75,2.0,2025-12-30 07:34:59
28198,Agua de coco Hacendado 100% natural,2.6,1.0,2025-12-30 07:21:17
35516,Agua de colonia bebé Nenuco,2.85,0.5,2025-12-30 07:23:24
14391,Agua de colonia Deliplus Citrus Classic,2.75,0.75,2025-12-30 07:32:51
14390,Agua de colonia Deliplus Floral Infusion,2.75,0.75,2025-12-30 07:32:52
8949,Agua de colonia fresca infantil Deliplus con notas cítricas,1.9,0.6,2025-12-30 07:23:25
90794,Agua de colonia para perros y gatos Krislin,4.0,0.25,2025-12-30 07:38:28
46204,Agua de colonia S3 Classic fresh,3.5,0.75,2025-12-30 07:32:41
11677,Agua de colonia S3 Mediterránea,3.5,0.75,2025-12-30 07:32:50
44313,Agua de peinado cabello Aqua Styling Deliplus,2.1,0.2,2025-12-30 07:30:55
27203,Agua de soda con sifón La Casa,1.6,1.5,2025-12-30 07:20:36
90505,Agua destilada Bosque Verde,0.9,2.0,2025-12-30 07:35:02
76465,Agua facial de avena Deliplus,2.9,0.3,2025-12-30 07:31:23
46954,Agua micelar cara y ojos Facial Clean,3.0,0.4,2025-12-30 07:31:20
27366,Agua mineral con gas grande Cortes,2.58,9.0,2025-12-30 07:20:34
27367,Agua mineral con gas grande Cortes,0.43,1.5,2025-12-30 07:20:35
27598,Agua mineral con gas grande Fonter,6.84,6.0,2025-12-30 07:20:36
27597,Agua mineral con gas grande Fonter,1.14,1.0,2025-12-30 07:20:36
27894,Agua mineral con gas grande San Pellegrino,8.34,6.0,2025-12-30 07:20:35
27893,Agua mineral con gas grande San Pellegrino,1.39,1.0,2025-12-30 07:20:35
27213,Agua mineral con gas grande Vichy Catalan,1.49,1.0,2025-12-30 07:20:34
27368,Agua mineral con gas pequeña Cortes,1.74,3.0,2025-12-30 07:20:35
27369,Agua mineral con gas pequeña Cortes,0.29,0.5,2025-12-30 07:20:35
28185,Agua mineral con gas pequeña Vichy Catalan,5.89,1.8,2025-12-30 07:20:34
27314,Agua mineral grande Bezoya,4.44,9.0,2025-12-30 07:20:31
27230,Agua mineral grande Bezoya,0.74,1.5,2025-12-30 07:20:31
28035,Agua mineral grande Bronchales,1.28,6.0,2025-12-30 07:20:26
23448,Agua mineral grande Bronchales,2.34,9.0,2025-12-30 07:20:26
23449,Agua mineral grande Bronchales,0.39,1.5,2025-12-30 07:20:26
28060,Agua mineral grande Cortes,0.92,8.0,2025-12-30 07:20:28
27088,Agua mineral grande Cortes,0.79,6.0,2025-12-30 07:20:29
28269,Agua mineral grande Cortes,1.5,9.0,2025-12-30 07:20:29
28270,Agua mineral grande Cortes,0.25,1.5,2025-12-30 07:20:29
27350,Agua mineral grande Font Vella,4.32,9.0,2025-12-30 07:20:32
27204,Agua mineral grande Font Vella,0.75,1.5,2025-12-30 07:20:32
27291,Agua mineral grande Lanjarón,4.2,9.0,2025-12-30 07:20:33
27216,Agua mineral grande Lanjarón,0.73,1.5,2025-12-30 07:20:33
27099,Agua mineral grande Nestlé Aquarel,3.72,9.0,2025-12-30 07:20:31
27232,Agua mineral grande Nestlé Aquarel,0.62,1.5,2025-12-30 07:20:32
27327,Agua mineral grande Solán de Cabras,5.34,9.0,2025-12-30 07:20:32
27356,Agua mineral grande Solán de Cabras,0.89,1.5,2025-12-30 07:20:33
28491,Agua mineral mediana Bronchales,3.0,6.0,2025-12-30 07:20:27
28499,Agua mineral mediana Bronchales,0.5,1.0,2025-12-30 07:20:27
28163,Agua mineral mediana Cortes,2.4,6.0,2025-12-30 07:20:29
28164,Agua mineral mediana Cortes,0.4,1.0,2025-12-30 07:20:30
27061,Agua mineral pequeña Bronchales,1.74,3.0,2025-12-30 07:20:27
27054,Agua mineral pequeña Bronchales,0.29,0.5,2025-12-30 07:20:28
28566,Agua mineral pequeña Bronchales tapón infantil,2.4,1.98,2025-12-30 07:20:28
28567,Agua mineral pequeña Bronchales tapón infantil,0.4,0.33,2025-12-30 07:20:28
27076,Agua mineral pequeña Cortes,1.44,3.0,2025-12-30 07:20:30
27078,Agua mineral pequeña Cortes,0.24,0.5,2025-12-30 07:20:30
28288,Agua mineral pequeña Cortes tapón infantil,1.56,1.98,2025-12-30 07:20:30
28296,Agua mineral pequeña Cortes tapón infantil,0.26,0.33,2025-12-30 07:20:31
77241,Agua oxigenada Deliplus desinfectante antiséptico,0.65,0.25,2025-12-30 07:33:16
44413,Agua para plancha Bosque Verde perfume ropa limpia,1.5,1.0,2025-12-30 07:35:03
46559,Agua perfumada bebé con notas florales Deliplus,3.2,0.1,2025-12-30 07:23:25
3830,Aguacate,1.06,0.19,2025-12-30 07:33:32
3858,Aguacates,3.87,0.73,2025-12-30 07:33:32
86656,Ajo granulado Hacendado,1.2,0.115,2025-12-30 07:20:02
69695,Ajo negro dientes pelados,5.0,0.085,2025-12-30 07:33:48
69632,Ajo tierno,2.55,0.2,2025-12-30 07:33:48
61288,Ajo tierno Hacendado ultracongelado,2.05,0.3,2025-12-30 07:29:20
61251,Ajo troceado Hacendado ultracongelado,1.04,0.15,2025-12-30 07:29:25
60873,Ajo y Perejil Hacendado,1.35,0.074,2025-12-30 07:19:59
33022,Ajos aliñados Hacendado,2.6,0.345,2025-12-30 07:21:28
69297,Ajos morados,1.85,0.25,2025-12-30 07:33:47
2784,Alas de pollo,4.05,0.91,2025-12-30 07:25:20
2832,Alas de pollo adobadas,3.53,0.63,2025-12-30 07:26:02
8970,Alas de pollo adobadas picantes,3.33,0.52,2025-12-30 07:25:24
52426,Alas de pollo barbacoa congeladas,3.7,0.75,2025-12-30 07:28:25
25184,Alas de pollo congeladas,3.6,1.0,2025-12-30 07:28:21
2785,Alas partidas de pollo,3.12,0.6,2025-12-30 07:25:17
3791,Alas partidas de pollo certificado alimentado con un 50% de maíz,4.03,0.64,2025-12-30 07:25:21
69287,Albahaca,1.55,0.02,2025-12-30 07:34:00
34128,Albahaca Hacendado,1.25,0.02,2025-12-30 07:19:58
63435,Albóndigas de bacalao Camós congeladas,2.1,0.4,2025-12-30 07:37:41
2871,Albóndigas de cerdo,4.55,0.84,2025-12-30 07:25:53
23632,Albóndigas de pollo,6.0,0.84,2025-12-30 07:25:53
23139,Albóndigas de pollo Hacendado,1.8,0.42,2025-12-30 07:40:26
23138,Albóndigas en salsa Hacendado,1.8,0.42,2025-12-30 07:40:24
4797,Albóndigas guisadas Hacendado,2.75,0.275,2025-12-30 07:40:18
69623,Alcachofa,0.75,0.17,2025-12-30 07:34:03
61205,Alcachofa baby Hacendado ultracongelada,3.05,0.3,2025-12-30 07:29:26
13865,Alcachofa troceada Hacendado ultracongelada,2.65,0.4,2025-12-30 07:29:20
33190,Alcaparras Hacendado,1.35,0.135,2025-12-30 07:21:27
77248,Alcohol 96º Deliplus antiséptico,0.75,0.25,2025-12-30 07:33:16
77322,Alcohol de romero Deliplus,2.0,0.25,2025-12-30 07:33:18
85716,Alfajor de almendra La Muralla,0.14,0.028,2025-12-23 07:43:25
12051,Algodón hidrófilo 100% zig-zag hipoalergénico Deliplus,1.2,0.1,2025-12-30 07:33:18
43705,Algodón mágico Aladdin,3.8,0.075,2025-12-30 07:35:52
90309,Alguicida sin espuma líquido Bosque Verde para piscina,12.5,5.0,2025-12-30 07:35:32
13559,Alicate uñas Deliplus,4.9,1.0,2025-12-30 07:32:41
38007,Alimento completo conejos enanos Granzoo,1.7,0.8,2025-12-30 07:38:32
38130,Alimento completo para canarios y jilgueros Granzoo,1.88,1.0,2025-12-30 07:38:31
38220,Alimento completo para loros y cotorras Granzoo,3.3,0.7,2025-12-30 07:38:31
13646,Alimento completo para ninfa y agaporni Granzoo,1.85,0.8,2025-12-30 07:38:32
38131,Alimento completo para periquitos Granzoo,1.9,1.0,2025-12-30 07:38:30
52765,"Alimento completo para roedores Granzoo hámster, cobaya y chinchilla",1.9,0.7,2025-12-30 07:38:32
60389,Alistado grande Hacendado congelado,34.5,0.5,2025-12-30 07:37:28
62704,Alistado mediano Hacendado ultracongelado,21.25,0.5,2025-12-30 07:37:28
24708,Alistado pequeño congelado,2227.5,,2025-12-30 07:37:28
24707,Alistado pequeño Hacendado congelado,24.94,1.16,2025-12-30 07:37:28
13705,Alitas de pollo asadas Hacendado,4.4,0.5,2025-12-30 07:40:18
17265,Aliño de aceite con perejil y ajo Hacendado,1.8,0.15,2025-12-30 07:20:23
17150,Allioli Chovi,1.45,0.18,2025-12-30 07:20:14
17173,Allioli en sobres individuales Hacendado,1.5,0.16,2025-12-30 07:20:14
17172,Allioli Hacendado,1.1,0.2,2025-12-30 07:20:14
60874,Almeja Hacendado congelada,1.7,0.45,2025-12-30 07:37:33
81418,Almeja japonesa,10.7,0.5,2025-12-30 07:37:33
18579,Almejas blancas del norte al natural Hacendado,1.65,0.185,2025-12-10 07:30:36
18552,Almejones al natural Hacendado,1.35,0.111,2025-12-30 07:29:40
34009,Almendra frita y salada Hacendado pelada,3.15,0.2,2025-12-30 07:21:35
34923,Almendra laminada Hacendado,2.15,0.125,2025-12-30 07:39:52
80492,Almendra marcona Hacendado frita con sal,2.95,0.125,2025-12-30 07:21:38
34921,Almendra molida Hacendado,2.15,0.125,2025-12-30 07:39:50
34865,Almendra natural Hacendado,2.5,0.2,2025-12-30 07:21:31
23575,Almendra natural Hacendado sin piel,3.05,0.2,2025-12-30 07:21:38
52928,Almendra palitos Hacendado,1.85,0.1,2025-12-30 07:39:52
34014,Almendra tostada Hacendado 0% sal añadida con piel,2.95,0.2,2025-12-30 07:21:35
11960,Almendra tostada y salada Hacendado con piel,2.4,0.2,2025-12-30 07:21:34
36421,Almendras rellenas de turrón Hacendado,2.9,0.15,2025-12-30 07:38:55
33136,Altramuces Hacendado,1.75,0.69,2025-12-30 07:21:27
5124,Alubia blanca Hacendado,2.45,1.0,2025-12-30 07:22:08
26019,Alubia cocida blanca Hacendado,0.8,0.57,2025-12-30 07:22:07
26028,Alubia cocida blanca Hacendado,0.7,0.295,2025-12-30 07:22:08
26002,Alubia cocida granja Hacendado,1.75,0.57,2025-12-30 07:22:09
26001,Alubia cocida pinta Hacendado,1.25,0.57,2025-12-30 07:22:08
26000,Alubia cocida roja Hacendado,1.25,0.57,2025-12-30 07:22:08
67608,Alubia negra Hacendado,2.5,1.0,2025-12-30 07:22:09
23453,Alubia pinta Hacendado,2.4,1.0,2025-12-30 07:22:09
67609,Alubia roja Hacendado,3.2,1.0,2025-12-30 07:22:09
26114,Alubias a la jardinera Hacendado,1.2,0.42,2025-12-30 07:40:25
26138,Alubias con tomate Heinz,1.5,0.415,2025-12-30 07:40:26
79425,Ambientador coche Bali Bosque Verde,1.85,1.0,2025-12-30 07:35:21
79447,Ambientador coche Exótico Bosque Verde,1.85,1.0,2025-12-30 07:35:21
79446,Ambientador coche Frutos Silvestres Bosque Verde,1.85,1.0,2025-12-30 07:35:21
79448,Ambientador coche Marine Bosque Verde,1.85,1.0,2025-12-30 07:35:22
43058,Ambientador lavavajillas Limón Bosque Verde,1.5,1.0,2025-12-30 07:35:58
72873,Ambientador líquido concentrado Foresan deluxe,1.7,0.125,2025-12-30 07:35:24
72734,Ambientador perlas Lima Bosque Verde,1.45,1.0,2025-12-30 07:35:23
72733,Ambientador perlas Tiernos Recuerdos Bosque Verde,1.45,1.0,2025-12-30 07:35:23
8876,Ambientador Spa armarios y cajones Bosque Verde,1.75,1.0,2025-12-30 07:35:24
60629,Ambientador spray Colonia Bosque Verde,1.15,0.3,2025-11-17 07:34:44
40159,Ambientador spray de tejidos Elixir Floral Bosque Verde,2.15,0.4,2025-12-30 07:35:15
14256,Ambientador spray Essence Bosque Verde,1.15,0.3,2025-12-30 07:35:16
60707,Ambientador spray Fresh Bosque Verde,1.15,0.3,2025-12-30 07:35:14
13040,Ambientador spray Red Elixir Bosque Verde,1.15,0.3,2025-12-30 07:35:16
72537,Ambientador spray Ropa Limpia Bosque Verde,1.15,0.3,2025-12-30 07:35:14
67997,Ambientador spray Sweet Blossom Bosque Verde,1.15,0.3,2025-12-30 07:35:15
13295,Ambientador Talco armarios y cajones Bosque Verde,1.75,1.0,2025-12-30 07:35:25
13788,Ambientador varitas Bambú Bosque Verde,2.1,0.04,2025-12-30 07:35:22
13789,Ambientador varitas Frambuesa Bosque Verde,2.1,0.04,2025-12-30 07:35:22
13780,Ambientador varitas Fruta Tropical Bosque Verde,2.1,0.04,2025-12-30 07:35:22
13055,Ambientador varitas Magnolia Bosque Verde,2.1,0.04,2025-12-30 07:35:23
13056,Ambientador varitas Pistacho Bosque Verde,2.1,0.04,2025-12-30 07:35:25
43802,Amoníaco con detergente Bosque Verde,0.95,1.5,2025-12-30 07:35:30
43813,Amoníaco muy fuerte Bosque Verde con detergente,1.25,0.75,2025-12-30 07:35:31
43818,Amoníaco perfumado Bosque Verde,0.75,1.5,2025-12-30 07:35:30
46885,Ampollas faciales spray flash Tensor Effect Deliplus Sisbela Reafirm,2.5,0.004,2025-12-10 07:33:04
50321,Ampollas faciales Ácido Hialurónico Hidrata Deliplus concentrado,3.5,0.014,2025-12-30 07:31:32
35614,Ampollas tratamiento intensivo Repara & Protege Pantene cabello dañado,3.9,0.045,2025-12-30 07:30:17
34027,Anacardo frito salado Hacendado,2.8,0.2,2025-12-30 07:21:33
23365,Anacardo natural Hacendado,2.8,0.2,2025-12-30 07:21:33
87254,Anguila troceada,9.74,0.33,2025-12-30 07:38:04
63163,Anillas de pota a la romana Hacendado ultracongeladas,5.25,0.5,2025-12-30 07:37:44
24249,Anillas de pota Argentina Hacendado congeladas,5.75,,2025-12-30 07:37:47
34123,Anís en grano Hacendado,2.0,0.05,2025-12-30 07:20:06
28397,Anís seco Cassalla Cerveró,11.75,1.0,2025-12-30 07:24:06
28334,Anís seco Limiñana,10.2,1.0,2025-12-30 07:24:07
28311,Anís seco Tenis,12.3,1.0,2025-12-30 07:24:07
28356,Aperitivo Aperol,13.65,0.7,2025-12-30 07:23:57
28494,Aperitivo de café Cerol,6.25,1.0,2025-12-30 07:23:58
8953,Aperitivo de patata con sabor a nata agria y cebolla,1.85,0.175,2025-12-30 07:21:52
33556,Aperitivo de patata sabor crema agria y cebolla Pringles,1.99,0.165,2025-12-30 07:21:50
33555,Aperitivo de patata sabor original Pringles,1.99,0.165,2025-12-30 07:21:50
69245,Apio cortado lavado,1.16,0.21,2025-12-30 07:34:05
69275,Apio verde,1.32,0.66,2025-12-30 07:34:04
35735,Apósitos hidrocoloides adhesivos para ampollas y rozaduras Deliplus surtidos,4.3,1.0,2025-12-30 07:33:20
7894,Apósitos infantiles Tattoo Deliplus,1.3,1.0,2025-12-26 07:32:48
40583,Arcos dentales para higiene interdental Deliplus,1.8,1.0,2025-12-30 07:32:16
13658,Arena para gato aglomerante Nuske perfumada,3.75,5.0,2025-12-30 07:38:16
90080,Arena para gato antibacterias Nuske,1.5,5.0,2025-12-30 07:38:15
90947,Arena para gato de perlas sílice Single,3.55,4.0,2025-12-30 07:38:16
63238,Aritos de surimi a la romana Hacendado ultracongelados,3.3,0.6,2025-12-30 07:37:42
23173,Aritos perro adulto y sénior Compy,8.3,4.0,2025-12-30 07:38:23
19816,Aroma agua de azahar Hacendado,2.0,0.15,2025-12-30 07:39:04
32524,Aroma de vainilla Hacendado,2.0,0.15,2025-12-30 07:39:03
15757,Aros de maíz Hacendado,0.85,0.12,2025-12-30 07:21:59
87786,Arreglo de marisco pelado,9.45,0.45,2025-12-30 07:37:27
3556,Arreglo para arroz al horno,6.0,0.76,2025-12-30 07:25:07
88180,Arreglo para paella con pollo y conejo,6.86,0.94,2025-12-30 07:25:09
3497,"Arreglo para puchero vacuno, cerdo y pollo",7.22,1.11,2025-12-30 07:25:07
5002,Arroz basmati aromático Hacendado,2.2,1.0,2025-12-30 07:22:04
5025,Arroz bomba Hacendado,5.1,1.0,2025-12-30 07:22:03
19866,Arroz campestre con pollo Hacendado ultracongelado,2.0,0.35,2025-12-30 07:28:18
22280,Arroz cocido basmati Sabroz,1.15,0.25,2025-12-30 07:40:15
22281,Arroz cocido integral Sabroz,1.1,0.25,2025-12-30 07:40:15
22279,Arroz cocido redondo Sabroz,1.1,0.25,2025-12-30 07:40:15
68354,Arroz con leche Hacendado,1.35,0.52,2025-12-30 07:40:45
12756,Arroz con verduras para microondas Hacendado ultracongelado,2.0,0.8,2025-12-30 07:28:18
20893,Arroz de pescado Hacendado,4.0,0.28,2025-12-30 07:40:16
22767,Arroz de secreto ibérico con setas Hacendado,3.0,0.28,2025-12-30 07:40:16
60621,Arroz de verduras Hacendado,3.5,0.28,2025-12-30 07:40:16
5184,Arroz integral largo Hacendado,1.65,1.0,2025-12-30 07:22:05
5063,Arroz largo Hacendado,1.35,1.0,2025-12-30 07:22:02
12972,Arroz largo Sabroz,1.1,0.25,2025-12-30 07:22:06
12782,Arroz marinera Hacendado ultracongelado,2.2,0.35,2025-12-30 07:28:18
35541,Arroz negro Hacendado ultracongelado,3.0,0.6,2025-12-30 07:28:17
61302,Arroz para microondas Hacendado ultracongelado,2.0,1.0,2025-12-30 07:28:17
5044,Arroz redondo Hacendado,1.3,1.0,2025-12-30 07:22:02
5042,Arroz redondo J Sendra Hacendado,1.6,1.0,2025-12-30 07:22:04
5000,Arroz redondo La Fallera,1.69,1.0,2025-12-30 07:22:02
52637,Arroz redondo Sabor,2.45,1.0,2025-12-30 07:22:05
86905,Arroz tres delicias Hacendado ultracongelado,2.85,1.0,2025-12-30 07:28:17
5020,Arroz vaporizado Hacendado,1.65,1.0,2025-12-30 07:22:05
5501,Arándanos,3.35,0.225,2025-12-30 07:33:35
5507,Arándanos,6.5,0.5,2025-12-30 07:33:36
34605,Arándanos deshidratados Hacendado,2.3,0.2,2025-12-30 07:21:46
61093,Arándanos enteros Hacendado ultracongelados,2.15,0.3,2025-12-30 07:29:17
18018,Atún claro al natural Hacendado,4.2,0.48,2025-12-30 07:29:33
18055,Atún claro en aceite de girasol Hacendado,4.3,0.48,2025-12-30 07:29:31
18092,Atún claro en aceite de girasol Hacendado,2.7,0.24,2025-12-30 07:29:32
18002,Atún claro en aceite de oliva Hacendado,4.9,0.48,2025-12-30 07:29:32
18071,Atún claro en aceite de oliva Hacendado,1.55,0.111,2025-12-30 07:29:32
18054,Atún claro en aceite de oliva Hacendado,3.7,0.195,2025-12-30 07:29:33
18031,Atún claro en escabeche blanco Hacendado,4.7,0.48,2025-12-30 07:29:33
18086,Atún en aceite de girasol Hacendado,6.5,0.9,2025-12-30 07:29:31
18030,Atún en aceite de oliva Hacendado,7.7,0.9,2025-12-30 07:29:32
18037,Atún en salsa de tomate Hacendado,2.1,0.24,2025-12-30 07:29:33
34164,Avellana natural Hacendado,3.25,0.2,2025-11-22 07:18:20
34025,Avellana tostada Hacendado 0% sal añadida,5.65,0.2,2025-12-30 07:21:34
16807,Avena molida Hacendado,1.15,0.5,2025-12-30 07:26:11
8370,Azafrán hebra Hacendado,1.95,0.0004,2025-12-30 07:20:00
34116,Azafrán molido Hacendado,1.9,0.0004,2025-12-30 07:20:00
19837,Azúcar blanco en sobres Hacendado,1.55,0.35,2025-12-30 07:22:25
19897,Azúcar blanco Hacendado,1.0,1.0,2025-12-30 07:22:25
35649,Azúcar glas Hacendado,2.6,0.5,2025-12-30 07:22:26
22349,Azúcar moreno de caña Hacendado,1.9,1.0,2025-12-30 07:22:26
19832,Azúcar moreno en sobres Hacendado,1.75,0.35,2025-12-30 07:22:26
32525,Azúcar vainillado Hacendado,1.3,0.12,2025-12-30 07:39:51
81204.1,Bacalao a rodajas,25.66,2.231,2025-12-30 07:37:56
81204.2,Bacalao abierto en libro sin cabeza y sin espina,42.55,3.7,2025-12-30 07:37:56
13787,Bacalao ahumado Hacendado en aceite de girasol,3.45,0.11,2025-12-30 07:38:07
87211,Bacalao al punto de sal descongelado,9.0,0.45,2025-12-30 07:37:57
81204.3,Bacalao media pieza a rodajas,22.54,1.96,2025-12-30 07:37:56
81204.4,Bacalao media pieza abierto en libro sin cabeza y sin espina,22.54,1.96,2025-12-30 07:37:57
59163,Bacón ahumado La Selva lonchas,2.3,0.21,2025-12-30 07:26:45
59160,Bacón ahumado sin corteza La Selva,3.0,0.3,2025-12-30 07:26:46
59066,Bacón Hacendado cintas,2.3,0.25,2025-12-30 07:26:45
53500,Bacón Oscar Mayer lonchas,2.4,0.15,2025-12-30 07:26:46
5827,Baguette,0.57,0.25,2025-11-25 07:38:19
83230,Baguette masa madre,0.57,0.25,2025-12-30 07:39:08
82753,Baguette sin gluten,1.95,0.175,2025-12-30 07:39:09
3824,Banana,0.28,0.18,2025-12-30 07:33:24
79673,Bandas adhesivas fijación fuerte color beige Deliplus para cortar,1.5,1.0,2025-12-30 07:33:17
74081,Bandas de cera especial piernas Deliplus piel sensible,1.4,1.0,2025-12-30 07:31:36
74079,Bandas de cera facial Deliplus piel sensible,1.1,1.0,2025-12-30 07:31:35
49632,Bandeja de cartón rectangular Bosque Verde,2.35,4.0,2025-12-30 07:36:09
11611,Bandeja oro Navidad Bosque Verde,1.8,5.0,2025-12-29 07:41:40
86473,Bandeja oro redonda Navidad Bosque Verde,2.5,5.0,2025-12-30 07:36:10
22154,Banderillas dulces Hacendado,1.7,0.345,2025-12-30 07:21:26
60320,"Banderillas Gildas Hacendado pinchos de aceituna, anchoa y guindilla",2.3,0.125,2025-12-30 07:21:26
33235,Banderillas picantes Hacendado,1.7,0.345,2025-12-30 07:21:25
14241,Barquillos con crema de avellanas Hacendado,1.6,0.25,2025-12-30 07:26:28
14239,Barquillos rellenos con crema de cacao Hacendado,1.0,0.175,2025-12-30 07:26:26
36204,Barquillos rellenos de chocolate Hacendado,2.25,0.2,2025-12-30 07:26:27
36203,Barquillos rellenos de crema turrón Hacendado,2.25,0.2,2025-12-30 07:26:27
14136,Barquillos rellenos de nata Hacendado 0% azúcares añadidos,1.1,0.21,2025-12-30 07:26:27
14576,Barquillos rellenos sabor nata Hacendado,1.0,0.21,2025-12-30 07:26:26
64214,"Barra de helado sabor vainilla, chocolate y nata Hacendado",1.9,1.0,2025-12-30 07:28:37
83202.1,Barra de pan,0.5,0.25,2025-12-30 07:39:07
82830.1,Barra de pan campesina masa madre,0.65,0.25,2025-12-30 07:39:08
82830.2,Barra de pan campesina masa madre rebanada,0.65,0.25,2025-12-30 07:39:16
86610.1,Barra de pan espiga,1.04,0.4,2025-12-30 07:39:10
86610.2,Barra de pan espiga rebanado,1.04,0.4,2025-12-30 07:39:17
83202.2,Barra de pan rebanada,0.5,0.25,2025-12-30 07:39:16
83560,Barra de pan tradicional,1.28,0.7,2025-12-30 07:39:21
83231.1,Barra pan de aceite de oliva,0.57,0.2,2025-12-30 07:39:08
83231.2,Barra pan de aceite de oliva rebanada,0.57,0.2,2025-12-30 07:39:16
9660.1,Barra pan de agua,0.95,0.24,2025-12-30 07:39:09
9660.2,Barra pan de agua rebanada,0.95,0.24,2025-12-30 07:39:17
23086.1,Barra pan de pueblo,1.58,0.8,2025-12-30 07:39:10
23086.2,Barra pan de pueblo rebanada,1.58,0.8,2025-12-30 07:39:17
86464,"Barreño ovalado 8,7L Bosque Verde",2.2,1.0,2025-12-30 07:36:27
19867,Barrita con proteínas Enervit Sport sabor chocolate con leche,4.75,0.18,2025-12-30 07:26:16
9445,Barritas con proteínas Enervit Sport sabor coco y chocolate,3.5,0.12,2025-12-30 07:33:10
14550,Barritas crujientes Caocream Hacendado rellenas de galleta de cacao,1.7,0.1115,2025-12-04 07:21:59
14510,Barritas crujientes Hacendado recubiertas de chocolate con leche,1.8,0.1125,2025-12-30 07:22:52
14713,Barritas de avena Crunchy Nature Valley con chocolate negro,2.6,0.21,2025-12-30 07:26:15
8978,Barritas de barquillo Hacendado con relleno de avellana cubiertas de chocolate con leche,1.8,0.123,2025-12-30 07:22:51
12526,Barritas de barquillo Huesitos bañadas de chocolate con leche,2.8,0.2,2025-12-30 07:22:47
12510,Barritas de barquillo Kit-Kat bañadas de chocolate con leche,3.75,0.2075,2025-12-30 07:22:48
14500,"Barritas de barquillo Meivel rellenas de turrón Viena, cacahuete y sabor a limón",2.25,0.18,2025-12-30 07:22:48
15344,Barritas de barquillo Tokke mini,1.7,0.141,2025-12-30 07:22:53
52493,Barritas de cereales con frutos secos Hacendado,1.65,0.15,2025-12-30 07:26:14
13052,Barritas de cereales con galleta animada Hacendado,1.55,0.12,2025-12-30 07:26:15
9350,Barritas de cereales Hacendado chocolate con leche,1.55,0.12,2025-12-30 07:26:13
73249,Barritas de cereales Hacendado con chocolate blanco,1.55,0.127,2025-12-30 07:26:13
7975,Barritas de cereales Hacendado sabor mango,1.65,0.12,2025-12-30 07:26:15
9349,Barritas de cereales muesli Hacendado con chocolate,1.55,0.138,2025-12-30 07:26:14
12171,Barritas de chocolate con leche Hacendado rellenas de leche,2.2,0.2,2025-12-30 07:22:48
35917,Barritas de espelta Hacendado sabor manzana,1.55,0.12,2025-12-30 07:26:14
38111,Barritas de fruta y miel para canarios Natura,1.85,0.09,2025-12-30 07:38:31
38145,Barritas de fruta y miel para periquitos Natura,1.85,0.09,2025-12-30 07:38:31
14133,Barritas de galleta bañadas en chocolate con leche Chips Ahoy,1.5,0.14,2025-12-30 07:26:25
52494,Barritas de galleta rellenas de arándanos Hacendado,1.55,0.125,2025-12-30 07:26:15
12540,Barritas de galleta y caramelo Hacendado bañadas de chocolate con leche,1.85,0.2,2025-12-30 07:22:49
52442,"Barritas Peanuts Hacendado bañadas de chocolate con leche y rellenas con caramelo, cacahuetes tostados y crema azucarada",1.95,0.216,2025-12-30 07:22:52
63648,Bases de pizza artesanas extrafinas y crujientes Hacendado ultracongeladas,1.8,0.42,2025-12-30 07:40:10
63606,Bases de pizza sin gluten sin lactosa Hacendado ultracongeladas,3.8,0.4,2025-12-30 07:40:10
52856,Bastoncillos algodón para bebés Deliplus,1.05,60.0,2025-12-30 07:23:26
79007,Bastoncillos de algodón 100% Deliplus,0.9,200.0,2025-12-30 07:33:16
15287,Bastones de batata Hacendado ultracongelada,2.65,0.75,2025-12-30 07:29:30
69239,Batata,0.92,0.39,2025-12-30 07:33:46
69465,Batatas para microondas,2.5,0.4,2025-12-30 07:34:09
23050,Batido de chocolate 90% leche Hacendado,1.45,1.0,2025-12-30 07:34:38
10055,Batido de chocolate 90% leche Hacendado,1.75,1.2,2025-12-30 07:34:38
10043,Batido de chocolate 90% leche Puleva,2.8,1.2,2025-12-30 07:34:38
10066,Batido de chocolate ColaCao Energy,2.85,0.752,2025-12-30 07:34:39
10050,Batido de chocolate Hacendado,1.55,1.2,2025-12-30 07:34:37
23049,Batido de chocolate Hacendado,1.3,1.0,2025-12-30 07:34:37
22967,Batido de chocolate Hacendado 0% sin azúcares añadidos,1.85,1.2,2025-12-30 07:34:40
10051,Batido de vainilla Hacendado,1.55,1.2,2025-12-30 07:34:39
86418,Batido lácteo sabor chocolate +Proteínas Hacendado 30 g proteínas,1.3,0.33,2025-12-30 07:41:01
86419,Batido lácteo sabor vainilla +Proteínas Hacendado 30 g proteínas,1.3,0.33,2025-12-30 07:41:02
23051,Batido sabor fresa Hacendado,1.3,1.0,2025-12-30 07:34:40
10054,Batido sabor fresa Hacendado,1.55,1.2,2025-12-30 07:34:40
23052,Batido sabor vainilla Hacendado,1.3,1.0,2025-12-30 07:34:39
22825,Bayeta cristales y espejos Bosque Verde microfibra,0.85,1.0,2025-12-30 07:35:07
71033,Bayeta grande Bosque Verde microfibra,1.75,1.0,2025-12-30 07:35:06
22774,Bayeta pequeña Bosque Verde microfibra,1.6,1.0,2025-12-30 07:35:06
60620,Bayeta polvo Bosque Verde microfibra,0.9,1.0,2025-12-30 07:35:07
71044,Bayeta suave multiusos Bosque Verde,1.2,1.0,2025-12-30 07:35:06
23107,"Bebida 0,0% sin alcohol Tanqueray",13.95,0.7,2025-12-30 07:23:59
39224,Bebida 5 frutas Hacendado sin azúcares añadidos,1.75,1.2,2025-12-30 07:41:18
39109,Bebida Bahamas Hacendado,1.4,2.0,2025-12-30 07:41:17
13955,Bebida cider con gas Spieler sabor a manzana,4.74,1.5,2025-12-30 07:23:52
13956,Bebida cider con gas Spieler sabor a manzana,0.79,0.25,2025-12-30 07:23:52
23925,Bebida de almendras 0% azúcar Hacendado,7.2,6.0,2025-12-30 07:34:32
23926,Bebida de almendras 0% azúcar Hacendado,1.2,1.0,2025-12-30 07:34:32
15647,Bebida de almendras con calcio Hacendado,7.2,6.0,2025-12-30 07:34:33
15648,Bebida de almendras con calcio Hacendado,1.2,1.0,2025-12-30 07:34:33
23048,Bebida de arroz sin azúcares añadidos Hacendado,6.6,6.0,2025-12-30 07:34:32
23047,Bebida de arroz sin azúcares añadidos Hacendado,1.1,1.0,2025-12-30 07:34:32
39627,Bebida de arándanos y frutas rojas Hacendado sin azúcares añadidos,1.65,1.0,2025-12-30 07:41:18
13849,Bebida de avellana y arroz sin azúcares añadidos Hacendado,7.8,6.0,2025-12-30 07:34:34
13848,Bebida de avellana y arroz sin azúcares añadidos Hacendado,1.3,1.0,2025-12-30 07:34:35
23908,Bebida de avena Alitey,5.7,6.0,2025-12-30 07:34:29
23912,Bebida de avena Alitey,0.95,1.0,2025-12-30 07:34:29
23046,Bebida de avena Alitey,1.5,0.75,2025-12-30 07:34:29
10688,Bebida de avena con café Hacendado,0.9,0.25,2025-12-30 07:34:34
86168,Bebida de avena con calcio sin azúcares añadidos Hacendado,7.2,6.0,2025-12-30 07:34:30
86167,Bebida de avena con calcio sin azúcares añadidos Hacendado,1.2,1.0,2025-12-30 07:34:30
52633,Bebida de avena con chocolate sin azucares añadidos Hacendado,7.5,6.0,2025-12-30 07:34:36
52634,Bebida de avena con chocolate sin azúcares añadidos Hacendado,1.25,1.0,2025-12-30 07:34:36
60926,Bebida de avena con chocolate sin azúcares añadidos Hacendado,1.6,0.75,2025-12-30 07:34:36
52639,Bebida de avena Hacendado 0% azúcar,4.5,6.0,2025-12-30 07:34:35
52640,Bebida de avena Hacendado 0% azúcar,0.75,1.0,2025-12-30 07:34:36
13847,Bebida de coco y arroz sin azúcares añadidos Hacendado,9.6,6.0,2025-12-30 07:34:33
13846,Bebida de coco y arroz sin azúcares añadidos Hacendado,1.6,1.0,2025-12-30 07:34:33
39640,Bebida de frutas rojas antioxidante Hacendado sin azúcares añadidos,1.75,1.0,2025-12-30 07:41:18
60588,Bebida de mango Hacendado sin azúcares añadidos,1.25,1.0,2025-12-30 07:41:28
8247,Bebida de melocotón Hacendado sin azúcares añadidos,1.0,1.0,2025-12-30 07:41:21
8248,Bebida de melocotón Hacendado sin azúcares añadidos,1.5,1.2,2025-12-30 07:41:21
8790,Bebida de naranja Hacendado sin azúcares añadidos,1.05,1.0,2025-12-30 07:41:26
8791,Bebida de naranja Hacendado sin azúcares añadidos,1.85,1.2,2025-12-30 07:41:26
39119,Bebida de piña Hacendado sin azúcares añadidos,1.1,1.0,2025-12-30 07:41:22
39106,Bebida de piña Hacendado sin azúcares añadidos,1.6,1.2,2025-12-30 07:41:22
39604,Bebida de pomelo Hacendado sin azúcares añadidos,1.25,1.0,2025-12-30 07:41:28
29322,Bebida de soja 0% azúcar Hacendado,4.5,6.0,2025-12-30 07:34:31
29314,Bebida de soja 0% azúcar Hacendado,0.75,1.0,2025-12-30 07:34:31
13681,Bebida de soja con calcio y vitaminas Hacendado,3.9,6.0,2025-12-30 07:34:30
13682,Bebida de soja con calcio y vitaminas Hacendado,0.65,1.0,2025-12-30 07:34:31
14346,Bebida de soja sabor café 0% azúcar,1.25,1.0,2025-12-30 07:34:37
14345,Bebida de soja sabor café 0% azúcar,7.5,6.0,2025-12-30 07:34:37
67950,Bebida de soja sabor vainilla Hacendado 0% azúcar,6.6,6.0,2025-12-30 07:34:35
67949,Bebida de soja sabor vainilla Hacendado 0% azúcar,1.1,1.0,2025-12-30 07:34:35
39650,"Bebida de zumo de naranja, mango y zanahoria La Verja sin azúcares añadidos",1.8,1.5,2025-12-30 07:41:17
28266,Bebida energética Energy Drink Hacendado,1.6,1.5,2025-12-30 07:20:44
28263,Bebida energética Energy Drink Hacendado,2.4,1.5,2025-12-30 07:20:44
28264,Bebida energética Energy Drink Hacendado,0.4,0.25,2025-12-30 07:20:44
5564,Bebida energética Energy Drink Zero Hacendado,2.4,1.5,2025-12-30 07:20:42
28664,Bebida energética energy Monster,5.36,2.0,2025-12-30 07:20:43
28016,Bebida energética Energy Monster,1.45,0.5,2025-12-30 07:20:43
28670,Bebida energética Energy Ultra zero Monster,5.36,2.0,2025-12-30 07:20:43
28119,Bebida energética Energy Ultra zero Monster,1.45,0.5,2025-12-30 07:20:43
15318,Bebida energética Furious Energy drink Hacendado,0.5,0.25,2025-12-30 07:20:46
13815,Bebida energética Mango Loco Monster,5.36,2.0,2025-12-30 07:20:46
13814,Bebida energética Mango Loco Monster,1.45,0.5,2025-12-30 07:20:46
29365,Bebida energética original Burn,4.6,2.0,2025-12-30 07:20:45
27913,Bebida energética original Burn,1.25,0.5,2025-12-30 07:20:45
8870,Bebida energética Red Bull,6.3,1.5,2025-12-30 07:20:44
27905,Bebida energética Red Bull,1.59,0.25,2025-12-30 07:20:45
15311,Bebida energética Zero Berries Energy drink,1.0,0.5,2025-12-30 07:20:48
13976,Bebida energética Zero Full Tropic Energy drink,1.0,0.5,2025-12-30 07:20:48
60603,Bebida energética Zero Furious Hacendado Energy drink,1.0,0.5,2025-12-30 07:20:47
27944,Bebida energética Zero Hacendado,0.4,0.25,2025-12-30 07:20:42
12854,Bebida energética Zero Katrine Energy drink Hacendado,1.0,0.5,2025-12-30 07:20:47
13978,Bebida energética Zero Sunset Energy drink Hacendado,1.0,0.5,2025-11-25 19:31:13
14452,Bebida espirituosa centenario Terry,6.95,0.7,2025-12-30 07:24:01
60697,Bebida espirituosa Convidado de Baco,4.3,0.7,2025-12-30 07:24:01
39127,Bebida Florida Hacendado,1.4,2.0,2025-12-30 07:41:25
27759,Bebida Florida Sunny Delight,1.95,1.25,2025-12-30 07:21:17
28688,Bebida isotónica de naranja Iso drink,1.0,1.5,2025-12-30 07:20:40
15333,Bebida isotónica de naranja Iso drink,2.7,1.98,2025-12-30 07:20:41
15339,Bebida isotónica de naranja Iso drink,0.45,0.33,2025-12-30 07:20:41
29410,Bebida isotónica Iso On blue Hacendado,1.55,1.5,2025-12-30 07:20:40
29080,Bebida isotónica Iso On blue Hacendado,0.7,0.5,2025-12-30 07:20:41
29608,Bebida isotónica limón Aquarius,1.8,1.5,2025-12-30 07:20:38
29605,Bebida isotónica limón Aquarius,7.12,2.64,2025-12-30 07:20:38
29625,Bebida isotónica limón Aquarius,0.95,0.33,2025-12-30 07:20:39
29612,Bebida isotónica limón Aquarius zero azúcar,1.59,1.5,2025-12-30 07:20:40
29609,Bebida isotónica naranja Aquarius,1.8,1.5,2025-12-30 07:20:39
29604,Bebida isotónica naranja Aquarius,7.12,2.64,2025-12-30 07:20:39
29624,Bebida isotónica naranja Aquarius,0.95,0.33,2025-12-30 07:20:40
28576,Bebida isotónica sabor cítrico Iso drink,1.0,1.5,2025-12-30 07:20:39
15331,Bebida isotónica sabor cítrico Iso drink,2.7,1.98,2025-12-30 07:20:42
15332,Bebida isotónica sabor cítrico Iso drink,0.45,0.33,2025-12-30 07:20:42
11509,Bebida isotónica sabor cítrico Iso drink zero,1.0,1.5,2025-12-30 07:20:41
15664,Bebida Kéfir de coco Hacendado,1.1,0.25,2025-12-30 07:41:06
52750,Bebida Kéfir de fresa y plátano Hacendado,0.9,0.25,2025-12-30 07:41:07
15662,Bebida Kéfir natural Hacendado 0% m.g,0.9,0.25,2025-12-30 07:41:06
10820,Bebida láctea con cereales crecimiento y desarrollo Puleva Max,11.34,6.0,2025-12-30 07:34:41
10781,Bebida láctea con cereales crecimiento y desarrollo Puleva Max,1.89,1.0,2025-12-30 07:34:41
10726,Bebida láctea crecimiento y desarrollo Puleva Max,10.74,6.0,2025-12-30 07:34:40
10723,Bebida láctea crecimiento y desarrollo Puleva Max,1.79,1.0,2025-12-30 07:34:41
22002,Bebida láctea de fresa Cuidacol 0% azúcares añadidos,2.5,0.8,2025-12-30 07:41:05
20941,Bebida láctea de fresa Danacol 0% azúcares añadidos,5.9,1.0,2025-12-30 07:41:05
20612,Bebida láctea de fresa Hacendado,1.5,1.0,2025-12-30 07:40:59
20627,Bebida láctea de fresa L-casei,2.25,1.2,2025-12-30 07:41:03
20658,Bebida láctea de fresa L-casei 0% m.g 0% azúcares añadidos,1.55,0.6,2025-12-30 07:41:04
20613,Bebida láctea de fresa y plátano Hacendado,1.5,1.0,2025-12-30 07:40:58
9982,Bebida láctea de frutas del bosque Hacendado,1.5,1.0,2025-12-30 07:41:00
20629,Bebida láctea de piña y coco Hacendado,1.5,1.0,2025-12-30 07:40:59
35847,Bebida láctea desnatada +Proteínas sabor açaí plátano Hacendado 0% m.g 20 g proteínas,1.15,0.28,2025-12-30 07:41:02
10845,Bebida láctea desnatada omega 3 Hacendado,7.02,6.0,2025-12-30 07:34:23
10846,Bebida láctea desnatada omega 3 Hacendado,1.17,1.0,2025-12-30 07:34:23
21333,Bebida láctea desnatada sabor fresa +Proteínas Hacendado 0% m.g 20 g proteínas,1.15,0.28,2025-12-30 07:41:01
12753,"Bebida láctea desnatada sabor fresa y plátano +Proteínas Hacendado 0% m.g 17,4 g proteínas",2.5,1.0,2025-12-30 07:41:02
19985,Bebida láctea desnatada sabor stracciatella +Proteínas Hacendado 0% azúcares añadidos 20 g proteínas,1.15,0.28,2025-12-30 07:41:03
21378,Bebida láctea desnatada sabor tropical +Proteínas Hacendado 0% m.g 20 g proteínas,1.15,0.28,2025-12-30 07:41:02
20738,Bebida láctea natural Actimel,5.99,1.2,2025-12-30 07:41:04
20709,Bebida láctea natural Actimel 0% m.g,5.99,1.2,2025-12-30 07:41:04
9981,Bebida láctea natural azucarada Hacendado,1.5,1.0,2025-12-30 07:41:01
22126,Bebida láctea natural azucarada L-casei,2.25,1.2,2025-12-30 07:41:03
22001,Bebida láctea natural Cuidacol 0% azúcares añadidos,2.5,0.8,2025-12-30 07:41:06
20940,Bebida láctea natural Danacol 0% azúcares añadidos,5.9,1.0,2025-12-30 07:41:05
20657,Bebida láctea natural L-casei 0% m.g 0% azúcares añadidos,1.55,0.6,2025-12-30 07:41:04
10146,Bebida láctea Omega 3 Puleva con leche desnatada,11.34,6.0,2025-12-30 07:34:22
10884,Bebida láctea Omega 3 Puleva con leche desnatada,1.89,1.0,2025-12-30 07:34:22
10281,Bebida láctea Omega 3 Puleva con nueces y leche desnatada,11.7,6.0,2025-12-30 07:34:23
10282,Bebida láctea Omega 3 Puleva con nueces y leche desnatada,1.95,1.0,2025-12-30 07:34:24
23053,Bebida láctea sabor canela y limón Hacendado,1.75,1.0,2025-12-30 07:34:44
20640,Bebida láctea sabores L-casei,2.25,1.2,2025-12-30 07:41:03
10814,Bebida láctea semidesnatada con fibra Hacendado,7.8,6.0,2025-12-30 07:34:17
10826,Bebida láctea semidesnatada con fibra Hacendado,1.3,1.0,2025-12-30 07:34:17
20942,Bebida láctea tropical Danacol 0% azúcares añadidos,5.9,1.0,2025-12-30 07:41:06
39651,Bebida multivitaminas Hacendado sin azúcares añadidos,1.0,1.0,2025-12-30 07:41:19
8802,Bebida preparada de ron sabor mojito La Recompensa Ice,1.3,0.275,2025-12-30 07:24:05
39488,Bebida refrescante aromatizada tinto sin alcohol light Castillo de Salobreña,1.6,1.0,2025-12-30 07:24:24
39606,Bebida tropical Hacendado sin azúcares añadidos,0.9,1.0,2025-12-30 07:41:17
39702,Bebida zumo de frutas con gas Magic sin alcohol,2.15,0.75,2025-12-30 07:41:19
28999,Bebida zumo de manzana El Lagar sin alcohol,1.9,0.75,2025-12-30 07:24:13
60988,Bechamel Hacendado,2.35,0.6,2025-12-30 07:34:51
18509,Berberecho al natural XS Hacendado,3.2,0.185,2025-12-30 07:29:39
81416,Berberechos,6.2,0.5,2025-12-30 07:37:34
18564,Berberechos al natural M Hacendado,4.25,0.111,2025-12-30 07:29:39
18553,Berberechos al natural S Hacendado,3.05,0.111,2025-12-30 07:29:39
69326,Berenjena,0.64,0.33,2025-12-30 07:34:02
69347,Berenjena rayada,0.81,0.36,2025-12-30 07:34:02
19958,Berenjenas de Almagro aliñada Antonio,3.59,0.68,2025-12-30 07:21:30
84785,Berlina al cacao,1.55,0.24,2025-12-30 07:38:34
20140,Berlina con cobertura de cacao crunch rellena de crema de cacao,1.25,0.1,2025-12-30 07:38:38
20354,Berlina con cobertura y trozos de pistacho rellena de crema sabor pistacho,1.25,0.09,2025-12-04 07:37:50
84710,Berlina glacé,1.35,0.2,2025-12-30 07:38:34
79715,Biberón 150 ml tetina silicona flujo lento Deliplus +0 meses,3.3,1.0,2025-12-30 07:23:21
79470,Biberón 360 ml tetina silicona tres posiciones Deliplus +1 mes,3.8,1.0,2025-12-30 07:23:21
29007,Bicarbonato de sódio Hacendado,1.45,1.0,2025-12-30 07:19:55
29006,Bicarbonato de sódio Hacendado,1.1,0.3,2025-12-30 07:19:55
28408,Bitter Campari,15.5,0.7,2025-12-30 07:23:58
19876,Bitter Kas sin alcohol,7.84,2.64,2025-12-30 07:21:10
28435,Bitter Kas sin alcohol,0.99,0.33,2025-12-30 07:21:10
14443,Bizcocho azúcar sin gluten,2.9,0.3,2025-12-30 07:38:37
9965,Bizcocho con azúcar moreno y nueces,3.35,0.4,2025-12-30 07:38:37
85786,Bizcocho con baño de cacao Hacendado,0.39,0.068,2025-12-30 07:38:51
15197,Bizcocho con pistacho,4.1,0.42,2025-12-23 19:49:19
12809,Bizcocho de cacao,3.2,0.41,2025-12-30 07:38:36
82744,Bizcocho de chocolate sin gluten Hacendado,2.2,0.2,2025-12-30 07:38:48
84736,Bizcocho de chocolate sin gluten y sin lactosa,3.2,0.3,2025-12-30 07:38:37
83995,Bizcocho de yogur Hacendado,3.5,0.8,2025-12-30 07:38:34
15165,Bizcocho Hacendado,1.75,0.29,2025-12-30 07:38:50
23372,Bizcochos de huevo Hacendado,1.8,0.4,2025-12-30 07:38:47
82099,Bizcochos Hacendado,1.85,0.3,2025-12-30 07:38:47
52171,Bloc foie gras de pato Hacendado,5.25,0.1,2025-12-30 07:27:38
82098,Bocaditos bañados al cacao Hacendado,2.3,0.5,2025-12-30 07:38:44
51625,Bocaditos de queso con mermelada de papaya Hacendado,3.5,0.18,2025-12-30 07:28:14
70705,Bocaditos en gelatina gato adulto Delikuit,2.3,0.8,2025-12-30 07:38:10
70704,Bocaditos en gelatina gato adulto Delikuit,2.3,0.8,2025-12-30 07:38:11
22007,Bocaditos en gelatina gato júnior Delikuit con pollo y pavo,2.5,0.8,2025-12-30 07:38:10
35732,Bocaditos en salsa gato adulto Delikuit esterilizado,2.75,0.8,2025-12-20 07:39:23
14915,Bocaditos en salsa gato adulto Delikuit esterilizado,3.8,1.2,2025-12-30 07:38:11
52710,"Bocaditos en salsa gato adulto Lechat Excellence con pollo, pavo y verduras",0.7,0.4,2025-12-30 07:38:09
52711,"Bocaditos en salsa gato adulto Lechat Excellence con salmón, trucha  y verduras",0.7,0.4,2025-12-30 07:38:09
9833,Bocaditos en salsa perro adulto Special Dog Excellence con salmón y verduras,1.65,1.23,2025-12-30 07:38:21
9832,"Bocaditos en salsa perro adulto Special Dog Excellence con ternera, hígado y verduras",1.5,1.23,2025-12-30 07:38:21
62380,Bogavante americano mediano crudo Hacendado,14.85,,2025-12-27 19:46:27
23189,Bol biodegradable Bosque Verde,2.0,15.0,2025-12-30 07:36:07
11610,Bol oro Navidad Bosque Verde,1.8,5.0,2025-12-29 19:47:30
34046,"Bolas de cereal bañadas Hacendado de chocolate negro, con leche y blanco",2.65,0.2,2025-12-30 07:22:51
14469,Bolitas de coco Hacendado,1.9,0.24,2025-12-30 07:22:55
14502,Bollitos glaseados Hacendado,2.2,0.41,2025-12-30 07:26:31
82609,Bollo con pepitas de chocolate Hacendado Choco Buns,1.65,0.25,2025-12-30 07:38:44
2439,Bolsa de rafia,0.65,1.0,2025-12-30 07:36:05
15636,Bolsa isotérmica,1.9,1.0,2025-12-30 07:36:05
14456,Bolsas congelación grandes Bosque Verde,1.3,1.0,2025-12-30 07:36:04
49224,Bolsas congelación medianas Bosque Verde,0.85,1.0,2025-12-30 07:36:04
12895,Bolsas de basura compostables Bosque Verde 10L cubo pequeño,2.3,1.0,2025-12-30 07:36:21
12896,Bolsas de basura cubo alto Bosque Verde 30L cubo mediano,2.75,1.0,2025-12-30 07:36:22
14466,Bolsas de basura envases Bosque Verde 30L cubo mediano,2.2,1.0,2025-12-30 07:36:21
12914,Bolsas de basura extra Bosque Verde 30L cubo mediano,2.15,1.0,2025-12-30 07:36:20
11967,Bolsas de basura grande perfumadas Bosque Verde 50L cubo grande,2.1,1.0,2025-12-30 07:36:20
49703,Bolsas de basura jardín Bosque Verde 100L cubo industrial,2.65,1.0,2025-12-30 07:36:21
49704,Bolsas de basura mini Bosque Verde 10L cubo pequeño,1.35,1.0,2025-12-30 07:36:21
22985,Bolsas de basura mini Bosque Verde 5L cubo pequeño,1.3,1.0,2025-12-30 07:36:22
49750,Bolsas de basura perfumadas Bosque Verde 30L cubo mediano,1.65,1.0,2025-12-30 07:36:20
12897,Bolsas de basura saco Bosque Verde 100L cubo industrial,2.0,1.0,2025-12-30 07:36:22
49760,Bolsas para residuos caninos Nuske Doggy bags,1.3,45.0,2025-12-30 07:38:28
15777,Bolsas reutilizables Bosque Verde,1.2,4.0,2025-12-30 07:36:05
49074,Bolsas zip congelación grandes Bosque Verde,1.3,1.0,2025-12-30 07:36:04
49073,Bolsas zip congelación medianas Bosque Verde,1.2,1.0,2025-12-30 07:36:04
52466,Bolsitas antipolillas Lavanda Bosque Verde,1.55,1.0,2025-12-30 07:35:13
35909,Bombones cereza al licor Hacendado con chocolate negro,2.2,0.15,2025-12-30 07:22:53
86496,Bombones de chocolate con leche Lindor Lindt,7.95,0.2,2025-12-30 07:22:54
86406,Bombones de coco Cocolizze Hacendado,2.9,0.132,2025-12-30 07:22:55
12471,Bombones delicias de avellana Delizze Hacendado,3.9,0.216,2025-12-30 07:22:54
12157,Bombones Ferrero Rocher,6.3,0.2,2025-12-30 07:22:53
18116,Bonito del norte en aceite de oliva Hacendado,3.3,0.222,2025-12-30 07:29:34
23122,Boquerones al vinagre Hacendado en aceite de girasol,5.6,0.33,2025-12-30 07:38:05
52451,Boquerones aliñados Hacendado,1.7,0.08,2025-12-30 07:38:07
80405,Boquerones en vinagre Hacendado en aceite de girasol,1.65,0.08,2025-12-30 07:38:04
81661.2,Boquerón limpio sin cabeza,1.59,0.2,2025-12-04 07:37:10
81661.1,Boquerón sin limpiar,1.59,0.2,2025-12-04 07:37:09
71314,Borrador mágico Bosque Verde,1.45,1.0,2025-12-30 07:35:05
1393,Botifarrón de carne,2.62,0.35,2025-12-30 07:25:45
28526,Brandy de Jerez solera gran reserva Convidado de Baco,10.2,0.7,2025-12-29 07:27:08
28525,Brandy de Jerez solera reserva Convidado de Baco,6.0,0.7,2025-12-30 07:24:00
14917,Brillo de labios Lip Gloss Terra Deliplus 01 nude rosado,4.5,0.0055,2025-12-15 19:52:01
14918,Brillo de labios Lip Gloss Terra Deliplus 02 opal ciruela,4.5,0.0055,2025-12-30 07:37:03
35377,Brillo de labios Volumizer gloss Deliplus 01 transparente,5.0,0.004,2025-12-30 07:37:02
35378,Brillo de labios Volumizer gloss Deliplus 02 nude,5.0,0.004,2025-12-30 07:37:02
35379,Brillo de labios Volumizer gloss Deliplus 03 nude rosa,5.0,0.004,2025-12-30 07:37:02
35381,Brillo de labios Volumizer gloss Deliplus 05 rosa,5.0,0.004,2025-12-30 07:37:02
35382,Brillo de labios Volumizer gloss Deliplus 06 morado,5.0,0.004,2025-12-30 07:37:03
35383,Brillo de labios Volumizer gloss Deliplus 07 transparente con destellos,5.0,0.004,2025-12-30 07:37:03
13251,Brioche Listo para Comer,3.0,0.16,2025-12-30 07:40:00
35902,"Brochetas de pollo, pimiento verde y tocino de cerdo con varilla",3.11,0.37,2025-12-30 07:25:59
8320,Bronceador facial fluido Bronzer luminoso Deliplus 01,5.0,0.012,2025-12-30 07:36:47
86402,Bruma facial hidratante Mist Facial Clean con ácido hialurónico y niacinamida,3.5,0.1,2025-12-08 07:35:57
20532,Bruma facial multifuncional Make Up Fixer Celestial Night Deliplus,4.5,0.1,2025-12-30 07:36:45
69580,Brócoli,1.12,0.43,2025-12-30 07:34:01
61261,Brócoli Hacendado ultracongelado,2.1,1.0,2025-12-30 07:29:24
62320,Buey de mar cocido Hacendado congelado,11.68,0.715,2025-12-30 07:37:31
3979,Burger americana gruesas,3.2,0.36,2025-12-30 07:25:50
4079,Burger Crunchy Chicken,2.0,0.24,2025-12-30 07:25:51
52672,Burger de cerdo,2.9,0.54,2025-12-30 07:25:48
8839,Burger de cordero al romero,3.7,0.24,2025-12-30 07:25:51
3976,Burger de pavo y espinacas,2.4,0.24,2025-12-30 07:25:50
2622,Burger de pollo,3.95,0.54,2025-12-30 07:25:49
86911,Burger de pollo gruesa,3.2,0.36,2025-12-30 07:25:49
8840,Burger de vaca madurada,2.9,0.18,2025-12-30 07:25:51
2873,Burger de vacuno,6.2,0.54,2025-12-30 07:25:48
3547,Burger de vacuno gruesas,5.1,0.36,2025-12-30 07:25:49
2872,Burger de vacuno y cerdo,4.5,0.54,2025-12-30 07:25:48
4155,Burger de vacuno y cerdo con jamón y cebolla caramelizada,2.8,0.24,2025-12-30 07:25:49
15269,Burgers vegetales Hacendado con calabaza,2.0,0.16,2025-12-30 07:40:28
51218,Burrata fresca Hacendado,2.3,0.25,2025-12-30 07:28:11
6044,Butifarra fresca,3.62,0.64,2025-12-30 07:25:46
35798,Bálsamo after shave Sensitive Deliplus con aloe vera y 0% alcohol,1.6,0.1,2025-12-30 07:31:00
73850,Bálsamo after shave Sensitive Nivea Men 0% alcohol,5.85,0.1,2025-12-30 07:31:00
52760,Bálsamo facial corporal infantil pieles atópicas Deliplus,4.4,0.2,2025-12-30 07:23:24
35336,Bálsamo labial Color Balm Deliplus 07 nude rosa,4.5,1.0,2025-12-30 07:37:00
35337,Bálsamo labial Color Balm Deliplus 08 nude beige,4.5,1.0,2025-12-30 07:37:00
35338,Bálsamo labial Color Balm Deliplus 09 rosa medio perlado,4.5,1.0,2025-12-30 07:37:00
8291,Bálsamo labial Color Balm Deliplus 10 coral,4.5,1.0,2025-12-30 07:37:01
8292,Bálsamo labial Color Balm Deliplus 11 rosa,4.5,1.0,2025-12-30 07:37:01
8290,Bálsamo labial Color Balm Deliplus 12 frambuesa,4.5,1.0,2025-12-30 07:37:01
11663,Bálsamo labial Color Balm Deliplus 13 perlado,4.5,1.0,2025-12-30 07:37:01
76480,Bálsamo oriental efecto calor Deliplus con vitamina E,3.0,0.03,2025-12-30 07:33:20
22804,Bálsamo reparador labios Deliplus,2.6,0.015,2025-12-30 07:36:54
21377,Bífidus cremoso desnatado natural edulcorado Hacendado 0% m.g 0% sin azúcares añadidos,1.4,0.75,2025-12-30 07:40:37
21319,Bífidus cremoso desnatado Tropical Hacendado 0% m.g. 0% sin azúcares añadidos,1.3,0.5,2025-12-30 07:40:35
67977,Bífidus cremoso probiótico con coco Hacendado,1.3,0.5,2025-12-30 07:40:37
21329,Bífidus desnatado con nueces y cereales Hacendado 0% m.g.,1.3,0.5,2025-12-30 07:40:35
23477,Bífidus desnatado natural Activia 0% m.g.,3.89,0.96,2025-12-30 07:40:38
23476,Bífidus desnatado natural edulcorado Activia 0% m.g.,3.89,0.96,2025-12-30 07:40:38
21193,Bífidus desnatado natural Hacendado 0% m.g  0% sin azúcares añadidos,1.15,0.75,2025-12-30 07:40:37
21330,Bífidus desnatado probiótico con frutos silvestres Hacendado 0% m.g. 0% sin azúcares añadidos,1.3,0.5,2025-12-29 07:47:04
21318,Bífidus desnatado probiótico con kiwi Hacendado 0% m.g. 0% sin azúcares añadidos,1.3,0.5,2025-12-30 07:40:35
21331,Bífidus desnatado probiótico con pera Hacendado 0% m.g. 0% azúcares añadidos,1.3,0.5,2025-12-30 07:40:36
21332,Bífidus desnatado probiótico con piña Hacendado 0% m.g. 0% sin azúcares añadidos,1.3,0.5,2025-12-30 07:40:36
21307,Bífidus natural Hacendado,1.2,0.75,2025-12-30 07:40:38
20859,Bífidus natural probiótico azucarado Hacendado con cereales y fresas deshidratadas,1.15,0.17,2025-12-30 07:40:38
21336,"Bífidus natural probiótico Hacendado con coco, almendras y chocolate",1.2,0.18,2025-12-30 07:40:39
21327,Bífidus probiótico con cereales y fibras Hacendado,1.3,0.5,2025-12-30 07:40:36
21312,Bífidus probiótico con ciruelas pasas Hacendado,1.3,0.5,2025-12-30 07:40:37
21311,Bífidus probiótico con mango Hacendado,1.3,0.5,2025-12-30 07:40:36
86442,Cabecero de lomo Hacendado lonchas,2.7,0.15,2025-12-30 07:27:07
15031,Cabello de Ángel Hida,2.6,0.52,2025-12-30 07:29:53
59364,Cabeza de cerdo finas lonchas Hacendado,1.7,0.15,2025-12-30 07:26:39
16862,Cabeza de cerdo trufa con pistachos Hacendado finas lonchas,2.25,0.15,2025-12-30 07:26:54
13738,Cacahuete +Proteínas en polvo desgrasado Hacendado 14 g proteínas 70% reducido en grasa,2.75,0.2,2025-12-30 07:39:52
34143,Cacahuete frito con miel Hacendado,1.65,0.2,2025-12-30 07:21:37
34820,Cacahuete frito con sal Hacendado pelado,1.0,0.25,2025-12-30 07:21:32
34868,Cacahuete frito y salado Hacendado con piel,1.3,0.25,2025-12-30 07:21:34
34016,Cacahuete tostado con sal Hacendado,1.65,0.4,2025-12-30 07:21:37
34031,Cacahuete tostado Hacendado 0% sal añadida,1.65,0.4,2025-12-30 07:21:35
13451,Cacahuete tostado Hacendado pelado 0% sal añadida,1.15,0.2,2025-12-30 07:21:42
12020,Cacahuetes Chocoiris Hacendado bañados de chocolate con leche coloreados,2.0,0.18,2025-12-30 07:22:50
12347,Cacahuetes Hacendado chocolate con leche,2.45,0.25,2025-12-30 07:22:49
12348,Cacahuetes Hacendado chocolate negro,2.45,0.25,2025-12-30 07:22:49
11609,Cacao en polvo a la taza Hacendado,1.85,0.4,2025-12-30 07:24:39
12017,Cacao en polvo a la taza Valor,3.6,0.5,2025-12-30 07:24:39
22580,Cacao puro en polvo La Chocolatera,4.95,0.265,2025-12-30 07:24:39
19846,Cacao soluble ColaCao original,17.0,2.2,2025-12-30 07:24:37
13021,Cacao soluble ColaCao original,7.0,0.76,2025-12-30 07:24:37
13019,Cacao soluble ColaCao original,5.0,0.383,2025-12-30 07:24:37
13037,Cacao soluble Hacendado,5.0,1.0,2025-12-30 07:24:38
13038,Cacao soluble Hacendado,2.8,0.5,2025-12-30 07:24:38
8911,Cacao soluble instantáneo Hacendado,4.7,1.0,2025-12-30 07:24:38
8914,Cacao soluble instantáneo Hacendado,2.8,0.5,2025-12-30 07:24:38
67739,Cacao soluble instantáneo Nesquik,16.4,2.7,2025-12-30 07:24:36
13204,Cacao soluble instantáneo Nesquik,5.85,1.0,2025-12-30 07:24:36
13216,Cacao soluble instantáneo Nesquik,3.95,0.39,2025-12-30 07:24:37
52810,Cachopo de vacuno con jamón y queso sin gluten,4.43,0.25,2025-12-30 07:26:04
10666,Café con leche cappuccino Hacendado,0.85,0.25,2025-12-30 07:24:57
10672,Café con leche descafeinado Hacendado,0.85,0.25,2025-12-30 07:24:58
23405,Café con leche en cápsula descafeinado Hacendado,3.55,0.152,2025-12-30 07:24:45
11801,Café con leche en cápsula Dolce Gusto,4.25,0.16,2025-12-30 07:24:43
86348,Café con leche en cápsula Hacendado,3.55,0.1536,2025-12-30 07:24:44
11871,Café con leche en cápsula Tassimo,5.89,0.184,2025-12-30 07:24:47
10644,Café con leche espresso Hacendado,0.85,0.25,2025-12-30 07:24:58
10642,Café con leche light sin lactosa Hacendado,0.85,0.25,2025-12-30 07:24:58
67659,Café cortado en cápsula Hacendado,3.55,0.0928,2025-12-30 07:24:45
52775,Café en cápsula cappuccino Hacendado,3.55,0.1856,2025-12-30 07:24:46
13634,Café en cápsula classic Hacendado,3.55,0.112,2025-12-30 07:24:43
9847,Café en cápsula Colombia Hacendado,3.9,0.108,2025-12-30 07:24:40
11785,Café en cápsula cortado Dolce Gusto,4.25,0.1008,2025-12-30 07:24:44
11875,Café en cápsula cortado Tassimo,5.89,0.184,2025-12-30 07:24:46
13596,Café en cápsula descafeinado espresso Hacendado,3.95,0.104,2025-12-30 07:24:41
11869,Café en cápsula descafeinado espresso intenso Dolce Gusto,4.25,0.0992,2025-12-30 07:24:43
10355,Café en cápsula descafeinado Hacendado,3.95,0.104,2025-12-30 07:24:40
23293,Café en cápsula descafeinado Hacendado,3.55,0.112,2025-12-30 07:24:44
11874,Café en cápsula descafeinado Tassimo,5.89,0.1184,2025-12-30 07:24:47
22801,Café en cápsula doble espresso Hacendado,3.55,0.128,2025-12-30 07:24:45
10352,Café en cápsula espresso Hacendado,3.9,0.104,2025-12-30 07:24:41
11931,Café en cápsula espresso intenso Dolce Gusto,4.25,0.112,2025-12-30 07:24:42
11873,Café en cápsula espresso Tassimo,5.89,0.1184,2025-12-30 07:24:46
13636,Café en cápsula extra forte Hacendado,3.55,0.112,2025-12-30 07:24:42
10350,Café en cápsula extra fuerte Hacendado,3.9,0.104,2025-12-30 07:24:40
13635,Café en cápsula forte Hacendado,3.55,0.112,2025-12-30 07:24:42
11872,Café en cápsula largo Tassimo,5.89,0.1328,2025-12-30 07:24:46
10351,Café en cápsula ristretto Hacendado,3.9,0.106,2025-12-15 19:37:40
19940,Café en cápsula ristretto Hacendado,3.9,0.11,2025-12-30 07:24:41
11918,Café en cápsula ristretto napoli Dolce Gusto,4.25,0.128,2025-12-30 07:24:44
14383,Café en cápsula sabor Caramel Hacendado,2.4,0.05,2025-12-30 07:24:42
52774,Café en cápsulas doble espresso Hacendado,3.9,0.11,2025-12-30 07:24:41
14798,Café en grano Colombia Hacendado,7.5,0.5,2025-12-30 07:24:53
11077,Café en grano extra fuerte Hacendado,11.5,1.0,2025-11-24 07:25:58
19924,Café en grano fuerte Hacendado,6.5,0.5,2025-12-30 07:24:53
11021,Café en grano Hacendado descafeinado,7.5,0.5,2025-12-30 07:24:53
13594,Café en grano natural Hacendado,11.5,1.0,2025-11-24 07:25:57
14799,Café en grano natural Hacendado,6.5,0.5,2025-12-30 07:24:53
52491,Café en grano natural Hacendado descafeinado,13.0,1.0,2025-11-24 07:25:58
11715,Café molido Colombia Hacendado,3.6,0.25,2025-12-30 07:24:51
11745,Café molido descafeinado Climent,3.9,0.25,2025-12-30 07:24:52
13593,Café molido descafeinado Hacendado,5.5,0.5,2025-12-30 07:24:50
13592,Café molido descafeinado Hacendado,2.85,0.25,2025-12-30 07:24:50
11744,Café molido descafeinado Hacendado Espresso,3.8,0.25,2025-12-30 07:24:52
13700,Café molido fuerte Hacendado,5.3,0.5,2025-12-30 07:24:49
11171,Café molido fuerte Hacendado,2.75,0.25,2025-12-30 07:24:49
15922,Café molido mezcla Hacendado,5.6,0.5,2025-12-30 07:24:49
15923,Café molido mezcla Hacendado,2.85,0.25,2025-12-30 07:24:49
11752,Café molido mezcla Hacendado Espresso,3.6,0.25,2025-12-30 07:24:51
11845,Café molido mezcla Marcilla crème express,5.45,0.25,2025-12-30 07:24:52
11753,Café molido natural Bonka,4.5,0.25,2025-12-30 07:24:50
11810,Café molido natural Cafés Valiente,4.9,0.25,2025-12-30 07:24:50
11740,Café molido natural Climent,3.4,0.25,2025-12-30 07:24:52
11178,Café molido natural Hacendado,5.3,0.5,2025-12-30 07:24:48
11172,Café molido natural Hacendado,2.75,0.25,2025-12-30 07:24:48
11714,Café molido natural Hacendado Espresso,3.6,0.25,2025-12-30 07:24:51
11777,Café monodosis descafeinado natural Hacendado,3.3,0.224,2025-12-30 07:24:48
11730,Café monodosis mezcla Hacendado,3.4,0.224,2025-12-30 07:24:47
11770,Café monodosis natural Hacendado,3.0,0.224,2025-12-30 07:24:47
67660,Café soluble cappuccino caramelo Hacendado,3.0,0.25,2025-12-30 07:24:57
23406,Café soluble cappuccino Hacendado,2.75,0.25,2025-12-30 07:24:57
11049,Café soluble classic en sobres Hacendado,1.1,0.02,2025-12-30 07:24:54
22163,Café soluble Classic Hacendado,4.5,0.2,2025-12-30 07:24:54
22718,Café soluble Classic Hacendado,2.95,0.1,2025-12-30 07:24:54
11051,Café soluble descafeinado en sobres Hacendado,1.2,0.02,2025-12-30 07:24:56
22164,Café soluble descafeinado Hacendado,4.75,0.2,2025-12-30 07:24:55
22719,Café soluble descafeinado Hacendado,3.15,0.1,2025-12-30 07:24:55
11101,Café soluble descafeinado Nescafé classic,8.5,0.2,2025-12-30 07:24:56
11104,Café soluble descafeinado Nescafé classic,5.4,0.1,2025-12-30 07:24:56
11123,Café soluble Espresso Creme Hacendado,2.9,0.08,2025-12-30 07:24:56
11136,Café soluble natural Nescafé classic,8.5,0.2,2025-12-30 07:24:55
11111,Café soluble natural Nescafé classic,5.4,0.1,2025-12-30 07:24:55
69339,Calabacín blanco,0.81,0.37,2025-12-30 07:33:55
69338,Calabacín verde,0.72,0.39,2025-12-30 07:33:55
3527,Calabaza cacahuete cortada a trozos,2.11,0.52,2025-12-30 07:34:04
18713,Calamar en salsa americana Hacendado,2.8,0.24,2025-12-30 07:29:37
18714,Calamar en tinta Hacendado,3.1,0.24,2025-12-30 07:29:38
24417,Calamar grande Hacendado congelado,3.5,0.2,2025-12-30 07:37:48
63432,Calamar patagónico pequeño Hacendado ultracongelado,4.5,,2025-12-30 07:37:48
87177,Calamar pequeño limpio patagónico,6.0,0.3,2025-12-30 07:37:58
24242,Calamar troceado limpio Hacendado congelado,4.95,,2025-12-30 07:37:46
13998,Caldo de carne con sofrito Hacendado,2.0,1.0,2025-12-30 07:30:04
22860,Caldo de carne Hacendado en pastillas,0.9,0.12,2025-12-30 07:30:04
7026,Caldo de cocido casero Gallina Blanca,2.2,1.0,2025-12-30 07:30:02
52768,Caldo de cocido Hacendado,0.9,1.0,2025-12-30 07:30:03
7021,Caldo de marisco o fideuá para paella Hacendado con sofrito,2.0,1.0,2025-12-30 07:30:03
7325,Caldo de pescado Hacendado,1.0,1.0,2025-12-30 07:30:02
7305,Caldo de pescado Hacendado en pastillas,0.9,0.12,2025-12-30 07:30:04
7014,Caldo de pollo Avecrem en pastillas,2.95,0.24,2025-12-30 07:30:04
7024,Caldo de pollo casero Gallina Blanca,2.2,1.0,2025-12-30 07:30:02
7313,Caldo de pollo Hacendado,0.8,1.0,2025-12-30 07:30:01
7031,Caldo de pollo Hacendado bajo en sal,1.2,1.0,2025-12-30 07:30:03
7867,Caldo de pollo Hacendado en pastillas,1.45,0.24,2025-12-30 07:30:05
7032,Caldo de verduras Hacendado,1.0,1.0,2025-12-30 07:30:02
15592,Caldo de verduras Hacendado en pastillas,0.9,0.12,2025-12-30 07:30:05
7035,Caldo para paella de carne Hacendado con sofrito,2.25,1.0,2025-12-11 07:29:30
14790,Calendario Adviento 24 Makeup  Treasures Deliplus,25.0,1.0,2025-12-02 07:42:00
14352,Calendario de Adviento Navidad Hacendado con chocolatinas de chocolate con leche,1.85,0.065,2025-12-08 19:34:26
67786,Callos a la madrileña Hacendado,2.45,0.38,2025-12-30 07:40:23
2179,Callos preparados de ternera Rogusa,4.1,0.5,2025-12-30 07:26:03
24267,Camarón boreal cocido y pelado Royal Greenland ultracongelado,4.25,0.2,2025-12-30 07:37:30
60654,Cambiador multiusos desechable Deliplus,4.15,10.0,2025-12-30 07:23:28
86686,Canapés de tartaletas congelados Listo para Comer,15.0,0.275,2025-12-30 07:39:57
52880,Canela en rama Hacendado,1.5,0.019,2025-12-30 07:20:03
34177,Canela molida Hacendado,1.0,0.052,2025-12-30 07:20:03
86601,Canelones de carne Hacendado ultracongelados,5.93,1.1,2025-12-30 07:28:19
86600,Canelones de carne Hacendado ultracongelados,3.24,0.6,2025-12-30 07:28:19
4493,Canelones de carne y boletus Hacendado,3.7,0.35,2025-12-30 07:40:13
69719,Canónigos lavados,1.2,0.125,2025-12-30 07:33:38
86864,Caprichos de queso con manzana Hacendado,1.75,0.064,2025-12-30 07:28:15
5919,Caquis maduros,1.95,0.3,2025-12-19 19:45:30
84663,Caracola con pasas 10%,1.0,0.103,2025-12-30 07:38:36
62303,Caracoles precocidos Hacendado ultracongelados,3.95,0.35,2025-12-30 07:37:36
32316,Caramelo líquido Hacendado,1.75,0.3,2025-12-30 07:39:51
65017,Caramelo Pikotas masticable Dulciora,1.45,0.1,2025-12-23 19:33:04
65311,Caramelos blandos Fruits Hacendado,1.6,0.3,2025-12-30 07:22:36
65123,Caramelos café Hacendado 0% azúcares,1.15,0.09,2025-12-30 07:22:34
13987,Caramelos con palo Mix Hacendado sabor cereza y fresa,1.2,0.0794,2025-12-30 07:22:37
65298,Caramelos cítricos mix Halls sin azúcar,2.95,0.128,2025-12-30 07:22:35
8820,Caramelos El Conde Drácula sabor cereza Cerdán,1.35,0.15,2025-12-02 19:35:44
65326,Caramelos eucaliptus mentol Respiral Halls,1.95,0.15,2025-12-30 07:22:34
19909,Caramelos Fruits & Flowers Hacendado 0% azúcares,1.35,0.09,2025-12-30 07:22:38
65143,Caramelos jengibre y própolis Hacendado 0% azúcares,1.35,0.09,2025-12-30 07:22:36
65328,Caramelos limón mentol Respiral Halls,1.95,0.15,2025-12-30 07:22:35
65324,Caramelos miel sabor limón Pifarré,1.15,0.125,2025-12-30 07:22:36
65302,Caramelos nata Hacendado 0% azúcares,1.15,0.09,2025-12-30 07:22:33
65299,Caramelos original Halls,2.95,0.128,2025-12-30 07:22:35
65327,Caramelos regaliz mentol Respiral Halls,1.95,0.15,2025-12-30 07:22:36
65138,Caramelos sabor eucalipto y mentol Hacendado 0% azúcares,1.0,0.09,2025-12-30 07:22:34
12771,Caramelos sabor eucalipto y mentol Hacendado 0% azúcares,1.6,0.093,2025-12-30 07:22:37
12766,Caramelos sabor lima Hacendado 0% azúcares,1.6,0.093,2025-12-30 07:22:37
12056,Carbón vegetal Bosque Verde,4.05,2.5,2025-12-30 07:36:12
2855,Carcasa de pollo certificado alimentado con un 50% de maíz,2.03,0.75,2025-12-30 07:25:20
2853,Carcasa y espinazo de pollo,1.23,0.95,2025-12-30 07:25:17
61206,Cardo Hacendado ultracongelado,1.65,0.45,2025-12-30 07:29:25
11511,Carne de cerdo Pulled Pork Hacendado sabor barbacoa,2.5,0.2,2025-12-30 07:40:19
62396,Carne de mejillón de Chile cocido Hacendado ultracongelado,2.35,,2025-12-30 07:37:33
34157,Carne de pimiento choricero Hacendado,1.55,0.14,2025-12-30 07:20:25
2632,Carpaccio de vacuno,4.1,0.11,2025-12-30 07:25:54
2810,Carrillada de cerdo,6.55,0.5,2025-12-30 07:25:32
4425,Carrillada de cerdo congelada,5.75,0.46,2025-12-30 07:28:26
21101,Carrillada de vacuno congelado,10.5,0.6,2025-12-30 07:28:25
60101,Carrillada de vacuno guisada en salsa de vino tinto Listo para Comer con cebolla confitada y patatas asadas mini,20.0,0.8,2025-12-30 07:39:56
21554,Carrilladas de cerdo al vino,9.1,0.7,2025-12-30 07:26:05
5940,Castañas,3.5,0.5,2025-12-25 19:43:15
34194,Castañas cocidas y peladas Hacendado,1.4,0.1,2025-12-30 07:21:37
64145,Castañas heladas de nata Hacendado,3.0,0.32,2025-12-30 07:28:29
28969,Cava brut Anna Codorníu,8.0,0.75,2025-12-30 07:24:15
28921,Cava brut Cabré & Sabaté,3.3,0.75,2025-12-30 07:24:13
22977,Cava brut Cabré & Sabaté,1.75,0.2,2025-12-30 07:24:14
28005,Cava brut Freixenet,6.5,0.75,2025-12-30 07:24:15
28908,Cava brut nature Jaume Serra,3.75,0.75,2025-12-30 07:24:14
28938,Cava brut nature reserva vintage Cabré & Sabaté,4.7,0.75,2025-12-30 07:24:15
28945,Cava brut rosado Cabré & Sabaté,3.55,0.75,2025-12-30 07:24:15
28949,Cava brut Señorío De Requena,3.55,0.75,2025-12-30 07:24:14
28939,Cava semi seco Cabré & Sabaté,2.9,0.75,2025-12-30 07:24:16
28959,Cava semi seco Cabré & Sabaté Ice,4.1,0.75,2025-12-30 07:24:16
28006,Cava semi seco Freixenet,6.5,0.75,2025-12-30 07:24:16
28951,Cava semi seco Señorío De Requena,3.55,0.75,2025-12-30 07:24:16
34178,Cayena guindillas Hacendado,1.36,0.027,2025-12-30 07:20:05
37417,Cayena molida Hacendado,1.65,0.055,2025-12-30 07:20:05
85793,Caña de cacao Hacendado,0.58,0.1,2025-12-30 07:38:52
52992,Caña de hojaldre rellena de crema sabor vainilla Hacendado con cobertura de cacao,1.7,0.255,2025-12-30 07:38:50
21424,Caña de lomo cebo ibérico Finura de Ibérico,15.75,0.35,2025-12-30 07:27:08
58166,Caña de lomo cebo ibérico La Hacienda del ibérico,22.5,0.5,2025-12-02 07:29:01
58260,Caña de lomo cebo ibérico La Hacienda del ibérico,72.0,1.6,2025-12-30 07:27:08
52749,Cebolla caramelizada Hacendado,1.7,0.19,2025-12-30 07:29:49
34138,Cebolla en polvo Hacendado,0.94,0.06,2025-12-30 07:20:04
34208,Cebolla frita crujiente Hacendado,1.15,0.15,2025-12-30 07:20:03
69641,Cebolla guarnición,2.0,0.5,2025-12-30 07:33:48
5399,Cebolla roja Olives García en vinagre,3.15,0.72,2025-12-30 07:21:27
13568,Cebolla troceada Hacendado ultracongelada,1.04,0.45,2025-12-30 07:29:19
69079,Cebollas,2.95,2.0,2025-12-30 07:33:47
69089,Cebollas,1.6,1.0,2025-12-30 07:33:47
69155,Cebollas dulces,2.5,1.0,2025-12-30 07:33:47
69162,Cebollas rojas,1.4,0.5,2025-12-30 07:33:48
69139,Cebollas tiernas,1.7,1.0,2025-12-30 07:33:46
69286,Cebollino,1.8,0.02,2025-12-30 07:34:01
33141,Cebollitas Hacendado,1.65,0.35,2025-12-30 07:21:28
59101,Cecina ahumada natural Embutidos Pajariel lonchas,4.2,0.1,2025-12-30 07:27:14
20341,Centro paletilla de cordero asado fácil,13.8,0.6,2025-12-30 07:25:44
15637,Cepillo de uñas Deliplus,1.9,1.0,2025-12-30 07:32:40
9823,Cepillo dental Duro Deliplus,1.1,1.0,2025-12-30 07:32:10
12838,Cepillo dental Eléctrico Oral-B Vitality Pro Precision Clean,24.0,1.0,2025-12-30 07:32:12
35406,Cepillo dental Infantil Deliplus,0.9,1.0,2025-12-30 07:32:10
9822,Cepillo dental Medio Deliplus,1.1,1.0,2025-12-30 07:32:09
11631,Cepillo dental Medio Deliplus + Action,1.5,1.0,2025-12-30 07:32:11
52472,Cepillo dental Sensitive Deliplus encías y dientes sensibles,1.3,1.0,2025-12-30 07:32:10
9821,Cepillo dental Suave Deliplus,1.1,1.0,2025-12-30 07:32:09
79576,Cepillo limpiabiberón y tetina Deliplus,2.5,1.0,2025-12-30 07:23:21
86643,Cepillo para lavar con asa Bosque Verde,1.9,1.0,2025-12-30 07:36:29
35714,Cepillos interdentales Extrafinos cónicos Deliplus,1.5,1.0,2025-12-30 07:32:13
35733,Cepillos interdentales Finos cónicos Deliplus,1.5,1.0,2025-12-30 07:32:14
35703,Cepillos interdentales Micro Deliplus,1.5,1.0,2025-12-30 07:32:16
35639,Cera cabello Brillo Deliplus fijación 4,3.1,0.1,2025-12-30 07:30:58
14433,Cera cabello Mate Deliplus fijación 4,3.1,0.1,2025-12-30 07:30:57
67534,Cera caliente en tarro Deliplus piel sensible,4.1,0.25,2025-12-30 07:31:37
12932,Cera facial caliente en tarro Deliplus piel sensible,3.75,0.1,2025-12-30 07:31:37
13995,Cera Multisuperficies Bosque Verde,4.5,1.0,2025-12-30 07:35:39
2813,Cerdo a tacos,3.22,0.56,2025-12-30 07:25:33
15611,Cereales avena Crunchy Hacendado,1.9,0.4,2025-12-30 07:26:12
52751,Cereales avena Crunchy Hacendado de cacao,2.15,0.4,2025-12-30 07:26:13
9532,Cereales Cereal Mix Hacendado 0% azúcares añadidos,2.4,0.375,2025-12-30 07:26:12
60236,Cereales con salvado de trigo Fibra Sticks Hacendado,1.8,0.5,2025-12-30 07:26:11
22966,Cereales copos de maíz Corn Flakes Hacendado 0% azúcares añadidos,1.5,0.5,2025-12-30 07:26:06
9210,Cereales copos de maíz Corn Flakes Kellogg's,3.0,0.5,2025-12-30 07:26:07
9508,Cereales copos de trigo Chocodays Hacendado con chocolate,2.0,0.5,2025-12-30 07:26:07
9571,Cereales copos de trigo espelta integral Hacendado 0% azúcares añadidos,1.7,0.4,2025-12-30 07:26:09
9488,Cereales copos de trigo integral y arroz Hacendado 0% azúcares añadidos,2.0,0.5,2025-12-30 07:26:09
9487,Cereales copos de trigo integral y arroz Hacendado bañados en chocolate con leche,2.65,0.375,2025-12-30 07:26:10
35707,Cereales copos de trigo integral y arroz Special K Classic,3.25,0.45,2025-12-30 07:26:08
52772,Cereales copos tostados de trigo integral y arroz Hacendado con chocolate,2.4,0.425,2025-12-30 07:26:10
35987,Cereales de arroz inflado Choco Krispies Kellogg's con chocolate,3.55,0.42,2025-12-30 07:26:07
80515,Cereales estrellas de maíz Stars Hacendado con miel,2.1,0.4,2025-12-30 07:26:06
9377,Cereales rellenos de chocolate y avellana Hacendado,2.1,0.5,2025-12-30 07:26:06
9547,Cereales rellenos de crema de cacao y avellana Hacendado sin gluten,2.25,0.4,2025-12-30 07:26:08
9264,Cereales rellenos de leche Hacendado,2.4,0.5,2025-12-30 07:26:05
11187,Cereales solubles con achicoria Hacendado,2.15,0.15,2025-12-30 07:24:59
9474,Cereales y semillas granola Hacendado con frutos secos,2.4,0.4,2025-12-30 07:26:11
3651,Cerezas,3.52,0.3,2025-12-30 07:33:34
9776,"Cerveza 0,0% sin alcohol El Águila sin filtrar",5.34,1.98,2025-11-10 20:01:32
9777,"Cerveza 0,0% sin alcohol El Águila sin filtrar",0.89,0.33,2025-11-13 19:31:43
66394,"Cerveza 0,0% sin alcohol Falke",2.34,1.5,2025-12-30 07:23:53
15990,"Cerveza 0,0% sin alcohol Falke",0.39,0.25,2025-12-30 07:23:53
66392,"Cerveza 0,0% sin alcohol Falke",4.32,3.96,2025-12-30 07:23:54
66393,"Cerveza 0,0% sin alcohol Falke",0.36,0.33,2025-12-30 07:23:55
27187,"Cerveza 0,0% sin alcohol San Miguel",3.3,1.5,2025-12-30 07:23:52
60581,"Cerveza 0,0% sin alcohol San Miguel",0.56,0.25,2025-12-30 07:23:53
12913,"Cerveza 0,0% sin alcohol tostada Falke",3.68,2.64,2025-12-30 07:23:55
13418,"Cerveza 0,0% sin alcohol tostada Falke",0.46,0.33,2025-12-30 07:23:55
66558,"Cerveza 0,0% sin alcohol tostada Mahou",6.9,1.98,2025-12-30 07:23:53
67026,"Cerveza 0,0% sin alcohol tostada Mahou",1.15,0.33,2025-12-30 07:23:54
66447,Cerveza Amstel,6.6,3.96,2025-12-30 07:23:34
66445,Cerveza Amstel,0.59,0.33,2025-12-30 07:23:35
86046,Cerveza Amstel,7.74,6.0,2025-12-30 07:23:42
28069,Cerveza Amstel,1.71,1.0,2025-12-30 07:23:42
66413,Cerveza Amstel,5.4,3.0,2025-12-30 07:23:43
15859,Cerveza Amstel,0.52,0.25,2025-12-30 07:23:43
66027,Cerveza clásica Mahou,6.96,3.96,2025-12-30 07:23:35
27178,Cerveza clásica Mahou,0.77,0.33,2025-12-30 07:23:36
66462,Cerveza Clásica Steinburg,3.84,3.96,2025-12-30 07:23:33
66463,Cerveza Clásica Steinburg,0.32,0.33,2025-12-30 07:23:34
66465,Cerveza Clásica Steinburg,5.7,6.0,2025-12-30 07:23:43
66466,Cerveza Clásica Steinburg,0.95,1.0,2025-12-30 07:23:44
22467,Cerveza Clásica Steinburg,3.96,3.0,2025-12-30 07:23:44
22489,Cerveza Clásica Steinburg,0.33,0.25,2025-12-30 07:23:44
5396,Cerveza con aguardiente de agave Desperados,5.94,1.5,2025-12-30 07:23:51
5397,Cerveza con aguardiente de agave Desperados,1.03,0.25,2025-12-30 07:23:51
66172,Cerveza Corona,7.92,2.13,2025-12-30 07:23:49
27355,Cerveza Corona,1.5,0.355,2025-12-30 07:23:49
52853,Cerveza de trigo Paulaner,7.38,1.98,2025-12-30 07:23:48
52854,Cerveza de trigo Paulaner,1.29,0.33,2025-12-30 07:23:48
66432,Cerveza doble malta 1897,3.18,1.98,2025-12-30 07:23:39
66433,Cerveza doble malta 1897,0.53,0.33,2025-12-30 07:23:39
28057,Cerveza doble malta Voll-Damm,5.34,1.98,2025-12-30 07:23:36
27137,Cerveza doble malta Voll-Damm,0.89,0.33,2025-12-30 07:23:36
13895,Cerveza El Águila sin filtrar,5.1,1.98,2025-12-30 07:23:46
27456,Cerveza El Águila sin filtrar,0.89,0.33,2025-12-30 07:23:46
60315,Cerveza especial 18/70 La Rubia,4.2,1.5,2025-11-27 07:23:19
60316,Cerveza especial 18/70 La Rubia,0.7,0.25,2025-11-30 19:30:35
66586,Cerveza especial Estrella Galicia,7.6,3.3,2025-12-30 07:23:40
27357,Cerveza especial Estrella Galicia,0.89,0.33,2025-12-30 07:23:40
66587,Cerveza especial Estrella Galicia,6.96,3.0,2025-12-30 07:23:46
15936,Cerveza especial Estrella Galicia,0.68,0.25,2025-12-30 07:23:47
9826,Cerveza especial Mahou,5.8,3.3,2025-12-30 07:23:35
27136,Cerveza especial Mahou,0.85,0.33,2025-12-30 07:23:35
86866,Cerveza especial mini Mahou,4.92,2.4,2025-12-30 07:23:47
86867,Cerveza especial mini Mahou,0.59,0.2,2025-12-30 07:23:48
66026,Cerveza especial San Miguel,5.4,3.96,2025-12-30 07:23:37
27103,Cerveza especial San Miguel,0.5,0.33,2025-12-30 07:23:37
86311,Cerveza especial sin gluten Falke,4.4,2.64,2025-12-30 07:23:41
86312,Cerveza especial sin gluten Falke,0.55,0.33,2025-12-30 07:23:41
12033,Cerveza especial Steinburg,4.2,3.96,2025-12-30 07:23:38
12036,Cerveza especial Steinburg,0.35,0.33,2025-12-30 07:23:38
52652,Cerveza especial Steinburg,4.68,3.0,2025-12-30 07:23:49
52653,Cerveza especial Steinburg,0.39,0.25,2025-12-30 07:23:49
66009,Cerveza extra 1906 reserva especial,7.38,1.98,2025-11-16 19:30:04
67092,Cerveza extra 1906 reserva especial,1.28,0.33,2025-12-30 07:23:47
21497,Cerveza extra 1906 reserva especial,4.96,1.32,2025-12-30 07:23:47
27679,Cerveza Heineken,5.6,2.64,2025-12-30 07:23:34
27100,Cerveza Heineken,0.89,0.33,2025-12-30 07:23:34
27114,Cerveza Heineken,3.72,1.5,2025-12-30 07:23:45
70745,Cerveza Heineken,0.7,0.25,2025-12-30 07:23:45
14988,Cerveza negra Ambar,6.0,1.98,2025-12-30 07:23:42
14989,Cerveza negra Ambar,1.0,0.33,2025-12-30 07:23:42
66469,Cerveza Pils Krombacher,3.9,1.98,2025-12-30 07:23:38
66470,Cerveza Pils Krombacher,0.65,0.33,2025-12-30 07:23:39
86313,"Cerveza Radler Falke 0,0% sin alcohol",3.6,2.64,2025-12-30 07:23:51
86314,"Cerveza Radler Falke 0,0% sin alcohol",0.45,0.33,2025-12-30 07:23:51
66783,Cerveza Radler Steinburg con zumo natural de limón,4.92,3.96,2025-12-30 07:23:49
66554,Cerveza Radler Steinburg con zumo natural de limón,0.41,0.33,2025-12-30 07:23:50
27150,Cerveza reserva 1925 Alhambra,7.98,1.98,2025-12-30 07:23:44
66518,Cerveza reserva 1925 Alhambra,1.49,0.33,2025-12-30 07:23:45
66770,Cerveza Shandy Steinburg sabor limón,4.32,3.96,2025-12-30 07:23:50
66771,Cerveza Shandy Steinburg sabor limón,0.36,0.33,2025-12-30 07:23:50
23694,Cerveza sin alcohol Falke,4.32,3.96,2025-12-30 07:23:54
23695,Cerveza sin alcohol Falke,0.36,0.33,2025-12-30 07:23:54
11620,"Cerveza sin gluten 0,0% sin alcohol tostada Mahou",6.32,2.64,2025-12-30 07:23:55
11621,"Cerveza sin gluten 0,0% sin alcohol tostada Mahou",0.8,0.33,2025-12-30 07:23:56
66485,Cerveza Suave Steinburg,3.84,3.96,2025-12-30 07:23:37
66486,Cerveza Suave Steinburg,0.32,0.33,2025-12-30 07:23:37
86315,Cerveza tostada 1897,3.0,1.98,2025-12-30 07:23:40
86316,Cerveza tostada 1897,0.5,0.33,2025-12-30 07:23:41
60600,Cerveza tostada Turia,8.28,3.96,2025-12-30 07:23:40
60980,Cerveza tostada Turia,0.84,0.33,2025-12-30 07:23:40
67154,Cerveza tostada Turia,6.72,3.0,2025-12-30 07:23:45
67031,Cerveza tostada Turia,0.65,0.25,2025-12-30 07:23:46
69682,Chalotas,1.75,0.25,2025-12-30 07:33:49
69672,Champiñones grandes,2.45,0.43,2025-12-30 07:33:59
16618,Champiñones laminados Hacendado,1.0,0.355,2025-12-30 07:29:44
69519,Champiñones laminados limpios,2.11,0.32,2025-12-30 07:33:58
69651,Champiñones pequeños,1.54,0.3,2025-12-30 07:33:58
69664,Champiñones Portobello,2.16,0.3,2025-12-30 07:33:59
16625,Champiñón entero Hacendado,1.45,0.355,2025-12-30 07:29:44
16616,Champiñón laminado Hacendado,1.8,0.45,2025-12-30 07:29:44
35397,Champú anticaspa Citric Ultrex cabello graso,2.5,0.36,2025-12-30 07:30:26
20955,Champú anticaspa Citrus Fresh H&S cabello graso,3.95,0.33,2025-12-30 07:30:25
20956,Champú anticaspa Menthol Fresh H&S,3.95,0.33,2025-12-30 07:30:25
35398,Champú anticaspa Menthol Ultrex todo tipo de cabello,2.5,0.36,2025-12-30 07:30:26
11585,Champú Anticaída Fortificante Deliplus,2.05,0.4,2025-12-30 07:30:24
44337,Champú Argan Oil Deliplus cabello seco y dañado,2.05,0.4,2025-12-30 07:30:20
86076,Champú Color Intense Deliplus cabello teñido o con mechas,2.05,0.4,2025-12-22 07:31:15
21463,Champú Color Protect Deliplus cabello teñido,2.05,0.4,2025-12-30 07:30:25
52800,Champú Color Vive Elvive cabello teñido o con mechas,3.45,0.3,2025-12-30 07:30:22
22629,Champú Curl Perfect Deliplus cabello rizado,2.05,0.4,2025-12-30 07:30:22
44330,Champú Dermo Sensitive Deliplus cuero cabelludo sensible,2.05,0.4,2025-12-30 07:30:23
44296,Champú Detox Deliplus cabello graso,2.05,0.4,2025-12-30 07:30:20
44280,Champú Extra Suave Deliplus todo tipo de cabello,1.8,0.75,2025-12-30 07:30:23
52801,Champú Hidra Hialurónico Elvive cabello deshidratado,3.45,0.3,2025-12-02 07:32:35
52931,Champú Hydra hyaluronic Deliplus cabello de normal a seco,2.05,0.4,2025-12-30 07:30:21
21544,Champú Hydra revitaliza Pantene cabello muy seco,3.0,0.3,2025-12-30 07:30:24
13065,Champú infantil Deliplus,1.95,0.4,2025-12-30 07:23:23
44320,Champú infantil Kids 3 en 1 Deliplus,1.7,0.3,2025-12-30 07:30:26
7942,Champú Liso Keratina TRESemmé cabello encrespado o dañado,2.95,0.35,2025-12-30 07:30:24
44281,Champú Liss Frizz Control Deliplus cabello rebelde,2.05,0.4,2025-12-30 07:30:21
44335,Champú Natural Deliplus todo tipo de cabello,2.05,0.4,2025-12-30 07:30:22
8925,Champú perros y gatos con aloe vera Nuske efecto repelente,3.5,0.31,2025-12-30 07:38:28
67794,Champú Plex Repair Deliplus cabello muy dañado,2.05,0.4,2025-12-30 07:30:23
35419,Champú protección y brillo Deliplus todo tipo de cabello,1.6,1.0,2025-12-30 07:30:19
67800,Champú Protect Triple Action Deliplus preventivo y protector,2.5,0.3,2025-12-30 07:30:27
46568,Champú Repair & Nutrition Deliplus cabello seco y dañado,2.05,0.4,2025-12-30 07:30:19
35612,Champú Repara & Protege Pantene cabello débil y dañado,3.0,0.3,2025-12-30 07:30:20
44233,Champú seco O'lysee,2.0,0.2,2025-12-30 07:30:22
86306,"Champú Silver Blond Deliplus cabello rubio, decolorado y grises,",2.75,0.4,2025-12-30 07:30:24
20954,Champú y acondicionador anticaspa Classic 2 en 1 H&S,3.95,0.33,2025-12-30 07:30:25
35399,Champú y acondicionador anticaspa Classic 2 en 1 Ultrex todo tipo de cabello,2.5,0.36,2025-12-30 07:30:26
44286,Champú Zero Deliplus todo tipo de cabello,2.05,0.4,2025-12-30 07:30:23
52614,Chicles eucalipto gragea Hacendado,1.0,0.045,2025-12-30 07:22:32
65164,Chicles fresa gragea Hacendado,1.0,0.045,2025-12-30 07:22:31
65165,Chicles fresa gragea Hacendado,1.95,0.1,2025-12-30 07:22:31
65161,Chicles hierbabuena gragea Hacendado,1.0,0.045,2025-12-30 07:22:30
65172,Chicles hierbabuena gragea Hacendado,1.95,0.1,2025-12-30 07:22:30
65139,Chicles hierbabuena lámina Hacendado,1.0,0.031,2025-12-30 07:22:30
65177,Chicles jengibre gragea Hacendado,1.0,0.045,2025-12-30 07:22:32
52754,"Chicles Melones ácidos Hacendado sabor melón, fresa, melocotón y frambuesa",1.15,0.1,2025-12-30 07:22:33
65235,Chicles menta fuerte gragea Hacendado,1.0,0.045,2025-12-30 07:22:29
65067,Chicles menta fuerte gragea Hacendado,1.95,0.1,2025-12-30 07:22:30
65147,Chicles menta suave gragea Hacendado,1.0,0.045,2025-12-30 07:22:31
65135,Chicles original sabor frutas gragea Hacendado,1.0,0.045,2025-12-30 07:22:31
65140,Chicles sandía lámina Hacendado,1.0,0.031,2025-12-30 07:22:32
65213,Chicles XXL gragea Hacendado,1.8,0.1,2025-12-30 07:22:32
23137,Chili con carne Hacendado,2.8,0.42,2025-12-30 07:20:25
26775,Chipirones enharinados Hacendado ultracongelado,4.8,0.325,2025-12-30 07:37:43
23560,Chipirones rellenos enteros en aceite de girasol Hacendado,2.25,0.115,2025-12-30 07:29:38
81443,Chirla,4.35,0.5,2025-12-30 07:37:34
2864,Chistorra,1.5,0.22,2025-12-30 07:25:46
12543,Chocolate blanco fundir Hacendado,2.25,0.2,2025-12-30 07:39:02
22408,Chocolate blanco Fussion Hacendado relleno con cremoso de coco y almendras troceadas,1.35,0.1,2025-12-30 07:22:47
9891,Chocolate blanco Fussion Hacendado relleno de crema de galleta y cacao,1.35,0.11,2025-12-30 07:22:47
12476,Chocolate blanco Hacendado,1.15,0.1,2025-12-30 07:22:46
15101,Chocolate con leche classic Hacendado extrafino,1.3,0.125,2025-12-30 07:22:46
12562,Chocolate con leche extrafino Nestlé,1.8,0.125,2025-12-30 07:22:43
12533,Chocolate con leche fundir Hacendado,2.4,0.2,2025-12-30 07:39:04
86798,Chocolate con leche Fussion Hacendado relleno crema de fresa,1.35,0.11,2025-12-30 07:22:45
15527,"Chocolate con leche Fussion Hacendado relleno cremoso, avellanas y barquillo crujiente",1.35,0.1,2025-12-30 07:22:45
70756,Chocolate con leche Fussion Hacendado relleno de galleta caramelizada,1.35,0.11,2025-12-30 07:22:46
19988,Chocolate con leche Hacendado almendras enteras,2.5,0.15,2025-12-30 07:22:46
15633,Chocolate con leche Hacendado avellanas troceadas,1.65,0.15,2025-12-30 07:22:44
12151,Chocolate con leche Milka,2.15,0.15,2025-12-30 07:22:43
12016,Chocolate con leche Milka galleta,4.5,0.3,2025-12-30 07:22:44
12107,Chocolate con leche Valor almendras enteras,5.25,0.25,2025-12-30 07:22:44
12946,Chocolate extrafino con leche Hacendado 0% azúcares añadidos,1.35,0.1,2025-12-30 07:22:44
12037,Chocolate extrafino con leche Hacendado almendras enteras,2.0,0.2,2025-12-30 07:22:43
10005,Chocolate líquido a la taza Hacendado,2.25,1.0,2025-12-30 07:24:39
70652,Chocolate negro 55% cacao Hacendado,1.75,0.15,2025-12-30 07:22:42
40358,Chocolate negro 55% cacao Hacendado con almendras,2.6,0.2,2025-12-30 07:22:39
12530,Chocolate negro 70% cacao fundir Hacendado 0% azúcares añadidos,3.4,0.2,2025-12-30 07:39:04
22703,Chocolate negro 72% cacao Hacendado con trozos de naranja,1.95,0.1,2025-12-30 07:22:41
23773,Chocolate negro 72% de cacao Hacendado,1.85,0.1,2025-12-30 07:22:39
29062,Chocolate negro 72% de cacao Hacendado con almendras enteras,3.05,0.2,2025-12-30 07:22:41
9820,Chocolate negro 72% de cacao Hacendado con almendras enteras,3.05,0.15,2025-12-30 07:22:43
12524,Chocolate negro 85% cacao extrafino y edulcorante Hacendado 0% azúcares añadidos,2.35,0.1,2025-12-30 07:22:42
60722,Chocolate negro 85% cacao Hacendado,1.95,0.1,2025-12-30 07:22:38
12531,Chocolate negro fundir Hacendado,2.4,0.2,2025-12-30 07:39:00
12126,Chocolate puro Valor,5.25,0.3,2025-12-30 07:22:39
12130,Chocolate puro Valor con almendras enteras,5.25,0.25,2025-12-30 07:22:40
12431,Chocolatinas de chocolate negro Royal Mints 49% rellenas de crema sabor a menta,2.4,0.2,2025-12-30 07:22:40
59333,Chopped cerdo Hacendado lonchas,1.4,0.25,2025-12-30 07:26:52
59340,Chopped cocido en lata Hacendado finas lonchas,1.7,0.15,2025-12-30 07:26:52
59332,Chopped Hacendado,2.25,0.5,2025-12-30 07:26:52
6046,Chorizo aperitivo,2.59,0.3,2025-11-16 19:32:36
59154,Chorizo asturiano,2.8,0.25,2025-12-30 07:25:10
58160,Chorizo cular ibérico extra La Hacienda del ibérico,9.5,0.5,2025-12-30 07:27:05
58264,Chorizo cular ibérico extra La Hacienda del ibérico,18.62,0.98,2025-12-30 07:27:05
58388,Chorizo de bellota ibérico cular cortado a máquina,3.33,0.09,2025-12-30 07:27:04
58387,Chorizo de bellota ibérico extra cular Juan del Roble,31.05,1.15,2025-12-30 07:27:05
58245,Chorizo de bellota ibérico La hacienda del ibérico,10.26,0.38,2025-12-30 07:27:05
58265,Chorizo de cebo ibérico cortado a máquina,2.61,0.09,2025-12-30 07:27:03
59158,Chorizo de pavo extra Hacendado lonchas,2.8,0.15,2025-12-30 07:27:02
54105,Chorizo de Tarancón Bricio,3.2,0.35,2025-12-30 07:27:04
54209,Chorizo dulce extra Hacendado,2.49,0.28,2025-12-30 07:27:04
59086,Chorizo extra Hacendado lonchas,2.0,0.24,2025-12-30 07:27:02
59080,Chorizo extra pimienta Hacendado finas lonchas,1.85,0.1,2025-12-30 07:27:03
60699,Chorizo ibérico extra La Hacienda del ibérico lonchas,2.3,0.125,2025-12-30 07:27:02
6048,Chorizo oreado,2.57,0.36,2025-12-30 07:25:45
12073,Chorizo Pamplona extra Hacendado lonchas,2.0,0.24,2025-12-30 07:27:01
6047,Chorizo picante aperitivo,2.6,0.3,2025-12-30 07:25:47
54210,Chorizo picante extra Hacendado,2.49,0.28,2025-12-30 07:27:02
12084,Chorizo picante extra Hacendado lonchas,2.5,0.24,2025-12-30 07:27:03
23145,Chorizo sarta extra ahumado De León,4.3,0.35,2025-12-30 07:27:06
23146,Chorizo sarta extra picante De León,4.3,0.35,2025-12-30 07:27:06
16717,Chucrut al estilo bávaro Hengstenberg,2.2,0.68,2025-12-30 07:29:50
4900,Chuletas aguja de cerdo,4.2,0.75,2025-12-30 07:25:37
4334,Chuletas cordero de lechal congeladas,15.4,0.55,2025-12-30 07:28:25
23305,Chuletas de cerdo sajonia,3.67,0.39,2025-12-30 07:26:03
5186,Chuletas de cordero palo o riñonada congeladas,10.77,0.6,2025-12-30 07:28:23
4363,Chuletas de cordero palo y riñonada,15.5,0.5,2025-12-30 07:25:42
4523,Chuletas de pavo contramuslo,4.72,0.66,2025-12-30 07:25:11
4901,Chuletas lomo de cerdo,3.55,0.55,2025-12-30 07:25:37
79663,Chupete silicona reversible Deliplus +0 a 6 meses,2.5,1.0,2025-12-30 07:23:22
79497,Chupete silicona reversible Deliplus +18 meses,2.5,1.0,2025-12-30 07:23:22
79493,Chupete silicona reversible Deliplus +6 a 18 meses luminiscente,2.5,1.0,2025-12-30 07:23:22
14485,Churrasquito de vacuno añojo,3.55,0.165,2025-12-30 07:25:58
15545,Churros Hacendado ultracongelados,1.4,0.5,2025-12-30 07:29:15
62323,Cigala cruda grande Hacendado ultracongelado,16.95,0.5,2025-12-30 07:37:31
62322,Cigala cruda mediana Hacendado ultracongelada,9.38,0.34,2025-12-30 07:37:31
69690,Cilantro,1.25,0.02,2025-12-30 07:34:00
34721,Cilantro Hacendado,1.85,0.012,2025-12-30 07:19:59
73128,Cinta dental con cera y sabor menta,2.5,1.0,2025-12-30 07:32:16
3649,Ciruela amarilla,0.48,0.12,2025-11-16 19:42:49
20020,Ciruelas desecadas sin hueso Hacendado,2.14,0.25,2025-12-30 07:21:46
31312,Claras de huevo líquidas pasteurizadas,2.85,1.0,2025-12-30 07:34:12
31309,Claras de huevo líquidas pasteurizadas,1.7,0.3,2025-12-30 07:34:13
34122,Clavo en grano Hacendado,1.75,0.042,2025-12-30 07:20:06
23414,Cloro 5 acciones disolución lenta tabletas para piscina,28.3,5.0,2025-12-30 07:35:33
80320,Cloro rápido granulado para piscina,32.5,5.0,2025-12-30 07:35:32
85028,Cocas Cidoncha congeladas,2.4,0.36,2025-12-30 07:40:11
85827,Cocas de dacsa Susana congeladas,1.9,0.55,2025-12-30 07:40:11
52990,Cocido Hacendado,1.9,0.42,2025-12-30 07:40:25
34047,Cocktail crunchy sabores Hacendado,1.75,0.2,2025-12-30 07:21:43
34924,Cocktail fruta deshidratada Hacendado,1.9,0.2,2025-12-30 07:21:45
14926,Cocktail galletitas de aperitivo Hacendado,1.65,0.3,2025-12-30 07:21:58
30138,Cocktail mezcla aperitivos fritos Hacendado,1.0,0.1,2025-12-30 07:22:00
34231,Cocktail mezcla Hacendado,1.75,0.3,2025-12-30 07:21:43
86809,Cocktail natural Hacendado,2.8,0.2,2025-12-30 07:21:44
11513,Cocktail rodeo Hacendado,1.85,0.3,2025-12-30 07:21:44
80450,Cocktail rumba Hacendado,1.75,0.3,2025-12-30 07:21:45
60015,Cocktail tostado 0% sal añadida Hacendado,2.8,0.2,2025-12-30 07:21:44
60009,Cocktail tostado y ahumado Hacendado,2.8,0.2,2025-12-30 07:21:44
34035,Coco rallado Hacendado,1.3,0.125,2025-12-30 07:39:51
52784,Codillo de cerdo,5.7,0.95,2025-12-30 07:25:39
13710,Codillo de cerdo asado Hacendado,4.61,0.72,2025-12-30 07:40:17
2796,Codornices,4.2,0.35,2025-12-30 07:25:13
69582,Cogollos corazón de lechuga,2.0,6.0,2025-12-30 07:33:40
69581,Cogollos de lechuga,1.05,3.0,2025-12-30 07:33:39
24340,Cola de rape del Cabo sin piel Hacendado ultracongelada,8.98,,2025-12-30 07:37:40
24102,Colas de gambón crudo Hacendado congelado,6.55,0.25,2025-12-30 07:37:32
69379,Coles de bruselas,2.4,0.5,2025-12-30 07:33:57
61248,Coles de Bruselas Hacendado ultracongeladas,1.65,0.45,2025-12-30 07:29:27
52422,Colgador antipolillas Lavanda Bosque Verde,1.55,1.0,2025-12-30 07:35:13
52423,Colgador antipolillas Ropa Limpia Bosque Verde,1.55,1.0,2025-12-30 07:35:12
43484,Colgador WC Azul limpieza activa Bosque Verde,1.25,0.08,2025-12-30 07:35:43
43474,Colgador WC Azul perfume marino Bosque Verde,1.25,0.08,2025-12-30 07:35:42
19907,Colgador WC Maxigotas Dália Bosque Verde,1.3,0.08,2025-12-30 07:35:45
8264,Colgador WC Maxigotas Spa Bosque Verde,1.3,0.08,2025-12-30 07:35:45
35926,Colgador WC Power Activ Pino Bref,2.95,0.1,2025-12-30 07:35:45
69220,Coliflor,2.5,1.22,2025-12-30 07:33:56
61231,Coliflor Hacendado ultracongelada,2.13,1.0,2025-12-30 07:29:27
61006,"Coliflor, brócoli y zanahoria Hacendado ultracongelada",2.0,1.0,2025-12-30 07:29:27
73252,Coloración permanente 0% amoníaco 1 negro Colorcor,3.9,1.0,2025-12-30 07:30:28
73253,Coloración permanente 0% amoníaco 1.88 negro azulado intenso Colorcor,3.9,1.0,2025-12-30 07:30:28
73273,Coloración permanente 0% amoníaco 10.0 rubio extra claro Colorcor,3.9,1.0,2025-12-30 07:30:44
73274,Coloración permanente 0% amoníaco 101 rubio platino ceniza Colorcor,3.9,1.0,2025-12-30 07:30:45
73014,Coloración permanente 0% amoníaco 3 castaño oscuro Colorcor,3.9,1.0,2025-12-30 07:30:29
73256,Coloración permanente 0% amoníaco 4.15 chocolate helado Colorcor,3.9,1.0,2025-12-30 07:30:31
73257,Coloración permanente 0% amoníaco 5 castaño claro Colorcor,3.9,1.0,2025-12-30 07:30:31
22693,Coloración permanente 0% amoníaco 5.1 castaño claro ceniza Colorcor,3.9,1.0,2025-12-30 07:30:32
73258,Coloración permanente 0% amoníaco 5.35 chocolate Colorcor,3.9,1.0,2025-12-30 07:30:32
73259,Coloración permanente 0% amoníaco 5.69 violín Colorcor,3.9,1.0,2025-12-30 07:30:46
73260,Coloración permanente 0% amoníaco 6.0 rubio oscuro luminoso Colorcor,3.9,1.0,2025-12-30 07:30:34
22694,Coloración permanente 0% amoníaco 6.1 rubio oscuro ceniza Colorcor,3.9,1.0,2025-12-30 07:30:35
86414,Coloración permanente 0% amoníaco 6.34 caramelo miel Colorcor,3.9,1.0,2025-12-30 07:30:35
73261,Coloración permanente 0% amoníaco 6.6 rubio oscuro rojizo Colorcor,3.9,1.0,2025-12-30 07:30:46
73262,Coloración permanente 0% amoníaco 6.74 marrón cobrizo Colorcor,3.9,1.0,2025-12-30 07:30:47
72000,Coloración permanente 0% amoníaco 7 rubio Colorcor,3.9,1.0,2025-12-30 07:30:37
73264,Coloración permanente 0% amoníaco 7.0 rubio medio luminoso Colorcor,3.9,1.0,2025-12-30 07:30:37
22695,Coloración permanente 0% amoníaco 7.1 rubio medio ceniza Colorcor,3.9,1.0,2025-12-30 07:30:38
73265,Coloración permanente 0% amoníaco 7.13 rubio beige Colorcor,3.9,1.0,2025-12-30 07:30:39
73266,Coloración permanente 0% amoníaco 7.44 rubio cobrizo Colorcor,3.9,1.0,2025-12-30 07:30:48
73268,Coloración permanente 0% amoníaco 8.0 rubio claro luminoso Colorcor,3.9,1.0,2025-12-30 07:30:40
22696,Coloración permanente 0% amoníaco 8.1 rubio claro ceniza Colorcor,3.9,1.0,2025-12-30 07:30:41
73269,Coloración permanente 0% amoníaco 8.31 rubio miel Colorcor,3.9,1.0,2025-12-30 07:30:42
73270,Coloración permanente 0% amoníaco 8.66 rojo rubí Colorcor,3.9,1.0,2025-12-30 07:30:48
73272,Coloración permanente 0% amoníaco 9.0 rubio muy claro luminoso Colorcor,3.9,1.0,2025-12-30 07:30:42
22697,Coloración permanente 0% amoníaco 9.1 rubio muy claro ceniza Colorcor,3.9,1.0,2025-12-30 07:30:43
73182,Coloración permanente 1 negro Colorcor,3.9,1.0,2025-12-30 07:30:28
77783,Coloración permanente 1.0 ultra negro Color Sensation,3.9,1.0,2025-12-30 07:30:28
73184,Coloración permanente 10 rubio extra claro Colorcor,3.9,1.0,2025-12-30 07:30:43
75625,Coloración permanente 10 rubio muy claro Excellence Creme,8.9,1.0,2025-12-30 07:30:43
73185,Coloración permanente 100 rubio platino natural Colorcor,3.9,1.0,2025-12-30 07:30:44
73147,Coloración permanente 101 rubio platino ceniza Colorcor,3.9,1.0,2025-12-30 07:30:44
77799,Coloración permanente 110 rubio extra claro ceniza Color Sensation,3.9,1.0,2025-12-30 07:30:45
73149,Coloración permanente 2.10 negro azulado Colorcor,3.9,1.0,2025-12-30 07:30:29
73150,Coloración permanente 3 castaño oscuro Colorcor,3.9,1.0,2025-12-30 07:30:29
75301,Coloración permanente 3 castaño oscuro Excellence Creme,8.9,1.0,2025-12-30 07:30:29
77787,Coloración permanente 3.16 violín intenso Color Sensation,3.9,1.0,2025-12-04 07:29:30
73255,Coloración permanente 4 castaño 0% amoníaco Colorcor,3.9,1.0,2025-12-30 07:30:30
75302,Coloración permanente 4 castaño Excellence Creme,8.9,1.0,2025-12-30 07:30:30
73195,Coloración permanente 4 castaño medio Colorcor,3.9,1.0,2025-12-30 07:30:30
73153,Coloración permanente 4.15 chocolate helado Colorcor,3.9,1.0,2025-12-30 07:30:31
73154,Coloración permanente 4.5 caoba oscuro Colorcor,3.9,1.0,2025-12-30 07:30:45
73196,Coloración permanente 5 castaño claro Colorcor,3.9,1.0,2025-12-30 07:30:31
75303,Coloración permanente 5 castaño claro Excellence Creme,8.9,1.0,2025-12-30 07:30:32
77791,Coloración permanente 5.0 castaño luminoso Color Sensation,3.9,1.0,2025-12-30 07:30:32
73415,Coloración permanente 5.20 violín Colorcor,3.9,1.0,2025-12-30 07:30:45
78595,Coloración permanente 5.35 castaño canela Color Sensatión,3.9,1.0,2025-12-30 07:30:33
73159,Coloración permanente 5.77 castaño claro marrón intenso Colorcor,3.9,1.0,2025-12-30 07:30:33
73160,Coloración permanente 5.79 marrón chocolate Colorcor,3.9,1.0,2025-12-30 07:30:33
73197,Coloración permanente 6 rubio oscuro Colorcor,3.9,1.0,2025-12-30 07:30:33
75304,Coloración permanente 6 rubio oscuro Excellence Creme,8.9,1.0,2025-12-30 07:30:34
77794,Coloración permanente 6.0  rubio oscuro Color Sensation,3.9,1.0,2025-12-30 07:30:34
75319,Coloración permanente 6.1 rubio ceniza oscuro Excellence Creme,8.9,1.0,2025-11-12 19:38:18
73162,Coloración permanente 6.1 rubio oscuro ceniza Colorcor,3.9,1.0,2025-12-30 07:30:34
73163,Coloración permanente 6.15 marrón macadamia Colorcor,3.9,1.0,2025-12-30 07:30:35
73164,Coloración permanente 6.25 marrón avellana Colorcor,3.9,1.0,2025-12-30 07:30:35
73165,Coloración permanente 6.35 marrón caramelo Colorcor,3.9,1.0,2025-12-30 07:30:36
77795,Coloración permanente 6.35 rubio caramelo Color Sensation,3.9,1.0,2025-12-30 07:30:36
73166,Coloración permanente 6.4 rubio oscuro cobrizo Colorcor,3.9,1.0,2025-12-30 07:30:46
77796,Coloración permanente 6.60 rojo intenso Color Sensation,3.9,1.0,2025-12-30 07:30:47
73167,Coloración permanente 6.60 rojo pasión Colorcor,3.9,1.0,2025-12-30 07:30:47
73192,Coloración permanente 7 1/2.1 rubio medio ceniza Colorcor,3.9,1.0,2025-12-30 07:30:38
75305,Coloración permanente 7 rubio Excellence Creme,8.9,1.0,2025-12-30 07:30:37
73168,Coloración permanente 7 rubio medio Colorcor,3.9,1.0,2025-12-30 07:30:37
75309,Coloración permanente 7.1 rubio ceniza Excellence Creme,8.9,1.0,2025-12-30 07:30:38
73169,Coloración permanente 7.1 rubio medio ceniza Colorcor,3.9,1.0,2025-12-30 07:30:38
75310,Coloración permanente 7.3 rubio dorado Excellence Creme,8.9,1.0,2025-12-15 19:44:17
73170,Coloración permanente 7.3 rubio medio dorado Colorcor,3.9,1.0,2025-12-30 07:30:39
73198,Coloración permanente 7.31 nude beige Colorcor,3.9,1.0,2025-12-30 07:30:39
73171,Coloración permanente 7.40 rubio cobrizo intenso Colorcor,3.9,1.0,2025-12-30 07:30:47
73172,Coloración permanente 7.43 cobre cálido Colorcor,3.9,1.0,2025-12-30 07:30:47
73173,Coloración permanente 7.77 rubio marrón intenso Colorcor,3.9,1.0,2025-12-30 07:30:39
73194,Coloración permanente 8 1/2.1 rubio claro ceniza Colorcor,3.9,1.0,2025-12-30 07:30:41
73174,Coloración permanente 8 rubio claro Colorcor,3.9,1.0,2025-12-30 07:30:40
75306,Coloración permanente 8 rubio claro Excellence Creme,8.9,1.0,2025-12-30 07:30:40
73175,Coloración permanente 8.1 rubio claro ceniza Colorcor,3.9,1.0,2025-12-30 07:30:40
75311,Coloración permanente 8.1 rubio claro ceniza Excellence Creme,8.9,1.0,2025-11-13 07:29:31
73176,Coloración permanente 8.3 rubio claro dorado Colorcor,3.9,1.0,2025-12-30 07:30:41
73199,Coloración permanente 8.31 nude arena Colorcor,3.9,1.0,2025-12-30 07:30:41
73177,Coloración permanente 8.44 rubio claro cobrizo Colorcor,3.9,1.0,2025-12-30 07:30:48
73178,Coloración permanente 8.6 rojo intenso Colorcor,3.9,1.0,2025-12-30 07:30:48
73179,Coloración permanente 9 rubio clarísimo Colorcor,3.9,1.0,2025-12-30 07:30:42
75315,Coloración permanente 9.1 rubio claro claro ceniza Excellence Creme,8.9,1.0,2025-11-12 07:31:08
73180,Coloración permanente 9.1 rubio clarísimo ceniza Colorcor,3.9,1.0,2025-12-30 07:30:42
73181,Coloración permanente 9.3 rubio clarísimo dorado Colorcor,3.9,1.0,2025-12-30 07:30:43
34182,Colorante alimentario Hacendado,0.95,0.085,2025-12-30 07:20:00
80399,Colorete compacto Blush Luminoso Deliplus 01 rosa,5.0,1.0,2025-12-30 07:36:45
80422,Colorete compacto Blush Luminoso Deliplus 03 dorado,5.0,1.0,2025-12-30 07:36:46
80395,Colorete compacto Blush Mate Deliplus 02 coral,5.0,0.005,2025-12-30 07:36:45
80396,Colorete compacto Blush Mate Deliplus 03 rojo,5.0,0.005,2025-12-30 07:36:45
80398,Colorete compacto Blush Satin Deliplus 02 natural,5.0,1.0,2025-12-30 07:36:46
12906,Colorete compacto Blush Satin Deliplus 04 multicolor coral,5.0,1.0,2025-12-30 07:36:46
8317,Colorete fluido Blush luminoso Deliplus 01,5.0,0.012,2025-12-30 07:36:47
8318,Colorete fluido Blush luminoso Deliplus 02,5.0,0.012,2025-12-30 07:36:47
12819,Colorete fluido Blush mate Deliplus 01 rosa amarronado,5.0,0.012,2025-12-30 07:36:47
12825,Colorete fluido Blush mate Deliplus 02 coral,5.0,0.012,2025-12-30 07:36:48
12832,Colorete fluido Blush mate Deliplus 03 rosa,5.0,0.012,2025-12-30 07:36:48
12833,Colorete fluido Blush mate Deliplus 04 rojo,5.0,0.012,2025-12-30 07:36:48
